1786 3210
221 202 306 244 368
578 221 585 229 ·
791 197 1134 241 TELEchls

604 365 1228 410 ΠΡΥΤΑΝΕΙΣ.
1289 370 1330 421 *)

964 505 998 546 Ι.

472 597 618 653 Λάκης
645 598 713 652 τίς
742 600 863 644 ἐστιν
892 595 1035 644 ὅντιν’
1067 597 1327 660 ἀνθρώπων
1356 596 1478 661 ὁρᾷς.

945 1120 1001 1161 11.

656 1210 753 1253 Καὶ
780 1206 988 1267 μελιχρὸν
1017 1198 1142 1250 οἶνον
1171 1205 1309 1249 ἕλκειν

650 1295 695 1349 ἐξ
725 1291 928 1348 ἡδύπνου
957 1290 1196 1345 λεπαστῆς.

338 1412 583 1454 Athenaeus
613 1411 674 1454 XI
704 1426 746 1466 p.
779 1410 864 1452 485
882 1411 922 1452 f:
968 1406 1221 1464 Νίκανδρος
1265 1402 1316 1448 δ’
1349 1402 1373 1448 ὁ
1425 1400 1721 1461 Θυατειρηνὸς
1775 1405 1786 1465 J

225 1478 349 1535 κύλιξ
378 1483 493 1539 φησὶ
522 1479 680 1536 μείζων
710 1478 972 1536 (λεπαστὴν
1002 1483 1157 1535 dicit),
1189 1478 1551 1536 παρατιθέμενος
1585 1475 1721 1526 Τηλε-

226 1552 403 1597 κλείδου
432 1553 478 1595 ἐκ
508 1550 780 1610 Πρυτάνεων
811 1553 905 1594 Καὶ
935 1581 992 1587 --
1021 1550 1256 1602 λεπαστῆς.
1334 1553 1483 1602 „Haec
1514 1551 1555 1591 in
1587 1561 1715 1589 unum
1784 1565 1786 1578 =

228 1640 422 1679 „versum
454 1628 654 1682 coniungi
685 1631 862 1680 possunt
894 1622 1031 1665 ἕλκειν
1060 1626 1101 1665 in
1130 1614 1269 1663 εἷλκεν
1285 1628 1457 1672 mutato,
1489 1620 1600 1674 quod
1628 1620 1718 1672 pla-

228 1699 344 1750 „cuit
390 1699 578 1740 Iacobsio
622 1713 664 1752 p.
707 1695 790 1739 265
836 1702 879 1737 et
922 1696 1128 1738 Elmsleio
1169 1696 1213 1736 in
1258 1692 1505 1746 Edinburgh
1551 1690 1720 1736 Review

228 1770 340 1822 „voL
371 1770 473 1811 XIX
504 1770 626 1821 (fasc.
658 1770 735 1822 39)
765 1783 806 1823 p.
839 1771 909 1810 90.
953 1762 1153 1818 ἡδύπνου
1185 1766 1426 1808 Elmsleiun.
1468 1764 1584 1804 Libri
1605 1757 1720 1812 -ἡδυ-

228 1836 443 1893 ,ςπνόου.”
503 1842 758 1884 Dindorfius.
827 1841 1060 1881 Infinitivus
1103 1853 1126 1880 a
1155 1837 1503 1892 praecedentibus
1532 1835 1719 1888 pendere

229 1914 420 1964 videtur3
466 1927 605 1967 neque
648 1914 931 1967 improbabilis
968 1918 1032 1953 est
1069 1911 1239 1964 Bergkii
1283 1911 1517 1951 Comment.
1560 1921 1601 1960 p.
1633 1906 1718 1947 327

231 1986 486 2037 coniectura,
519 1998 700 2040 sequens
717 1985 1000 2040 fragmentum
1022 1996 1115 2024 cum
1136 1982 1218 2023 hoc
1248 1994 1340 2023 esse
1369 1978 1719 2033 coniungendam.

945 2105 1021 2144 111.

346 2191 590 2234 Athenaeus
622 2192 680 2234 lV
710 2204 751 2245 p.
785 2191 868 2231 170
884 2190 933 2229 d:
983 2182 1214 2228 ἐπεσθίειν
1248 2183 1387 2240 εἴρηκε
1435 2179 1721 2235 Τηλεκλείδης

231 2258 516 2319 Πρυτάνεσιν
544 2254 682 2311 οὕτως
725 2258 927 2317 Τυρίον
955 2256 1329 2300 ἐπεσθίοντα.

953 2386 1025 2428 IV.

347 2474 591 2517 Athenaeus
629 2473 688 2514 IX
725 2486 766 2525 p.
798 2472 947 2512 3701„
1005 2469 1081 2511 καὶ
1138 2462 1425 2518 Τηλεκλείδης
1467 2459 1722 2517 Πρυτάνεσι

235 2545 332 2586 ναὶ
370 2542 441 2600 μὰ
482 2542 577 2593 τὰς
615 2537 876 2598 κράμβας
906 2538 1006 2596 ἔφη.
1070 2542 1132 2582 De
1161 2541 1496 2599 iuramento-per
1526 2534 1721 2575 cramben

235 2622 334 2659 nota
363 2621 461 2660 sunt
490 2615 726 2658 testimonia
746 2614 896 2656 Ananii
926 2612 1203 2667 Hipponactis
1234 2607 1464 2663 Eupolidis.
1525 2603 1724 2656 V2Athe-

235 2700 387 2730 naeum
416 2689 445 2729 1.
477 2689 505 2729 1.

333 2828 363 2872 *)
388 2829 429 2864 V.
456 2827 545 2863 Hist.
571 2827 646 2861 crit.
672 2840 707 2872 p.
731 2828 789 2861 89.

1774 710 1779 722 l

339 718 575 762 Scholiasta
605 718 894 773 Aristophanis
918 718 1046 771 Vesp.
1067 718 1177 759 832:
1207 712 1307 756 ἀλλ’
1337 712 1476 758 ἔοικεν
1505 710 1530 756 ὁ
1560 708 1719 767 Λάβης
1773 724 1778 735 ³

222 787 719 846 ὥνοματοπεποιῆσθαι
747 786 908 841 ἁπλῶς,
939 785 1152 845 καθάπερ
1183 783 1207 829 ὁ
1237 783 1382 839 Δάκης
1411 784 1436 828 ὁ
1467 783 1590 844 παρὰ
1623 785 1716 836 Τη-

223 861 421 920 λεκλείδῃ
465 860 513 903 ἐν
555 856 813 918 Πρυτάνεσι
848 856 1003 916 χΔάκης
1043 859 1135 905 κτλ.
1210 862 1403 916 Toupius
1440 859 1619 903 Emend.
1661 857 1719 901 1V
1773 889 1780 919 ,²

222 952 266 992 p.
296 937 383 979 124
424 934 565 990 priora
597 947 676 988 per
705 933 1079 990 interrogationem
1109 934 1282 986 extulit,
1313 927 1458 985 Δάκης
1486 927 1553 981 τίς
1580 922 1721 980 goram·
1775 924 1779 950 ¹

225 1021 309 1063 quo
338 1008 444 1050 nihil
473 1006 707 1062 proficitur.

1752 2863 1772 3210 wana-»meane-
