1786 3210
1702 0 1740 142 i

218 258 455 303 ἐκπίπτειν.
522 260 682 314 Quibus
722 260 1012 314 Aristophanis
1051 260 1172 300 locus
1208 259 1428 300 commode
1463 261 1710 304 illustratur.

221 335 420 375 Ceterum
461 332 514 372 de
550 336 682 372 matre
712 332 971 386 Hyperboli‚
1014 344 1137 385 quam
1177 330 1257 371 hac
1295 331 1337 372 in
1368 330 1510 374 fabula
1526 333 1713 387 Eupolis

223 404 467 461 gravissime
497 404 673 454 vexavit,
704 407 827 444 notus
859 407 921 444 est
938 402 1228 456 Aristophanis
1259 402 1376 443 locus
1394 402 1604 444 Nub.549
1625 416 1714 459 sqq.

278 470 474 522 Εὔπολις
502 474 583 528 μὲν
612 470 693 527 τὸν
723 471 936 528 Μαρικᾶν
967 468 1217 528 πρώτιστον
1246 468 1548 529 παρείλκυσεν,

279 544 525 600 ἐκστρέψας
555 542 657 593 τοὺς
687 542 922 599 ἡμετέρους
947 539 1134 592 Ἱππέας
1170 540 1302 592 κακὸς
1332 541 1490 594 κακῶς,

284 615 506 672 προσθεὶς
537 611 657 673 αὐτῷ
684 616 823 672 γραῦν
843 610 1067 669 μεθίσην,
1099 612 1179 654 τοῦ
1207 613 1420 671 κόρδακος
1448 607 1605 671 οὕνεχ’,
1634 609 1692 666 ἣν

291 683 511 742 Φρύνιχος
544 684 682 728 πάλαι
713 682 940 741 πεποίηχ’,
971 682 1027 737 ἣν
1057 684 1109 727 τὸ
1141 684 1270 736 κῆτος
1300 681 1480 736 ἤσθιεν.

231 759 317 800 Ubi
348 759 572 799 scholiasta
609 771 633 798 a
663 758 878 799 Dindorfio
909 759 1096 801 edendus
1127 760 1231 799 haec
1261 759 1410 799 habet:
1448 750 1629 798 ἅπαντα
1665 754 1722 797 τὰ

229 823 329 884 ἐμά,
361 825 515 883 φησίν,
546 824 676 881 ἔλαβε
709 828 929 882 προσθεὶς
958 826 1099 884 γραῦν
1127 824 1358 880 μεθύσην,
1390 826 1471 880 τὴν
1502 826 1724 870 δοκοῦσαν

231 898 401 955 μητέρα
441 889 555 940 εἶναι
591 896 883 956 “Υπερβόλου.
959 901 1103 953 Itaque
1145 902 1379 955 Hyper-boli
1416 906 1591 943 matrem
1630 906 1723 943 tan-

232 985 355 1025 quam
386 973 658 1014 temulentam
685 974 904 1014 mulierem
935 976 977 1013 et
1007 973 1226 1014 cordacem
1257 975 1476 1016 saltantem
1505 969 1742 1018 induxerat(

234 1043 427 1098 Eupolis.

214 145 300 189 504
810 141 1118 189 EUPOLIDIS

951 1170 1023 1211 lx.

352 1261 550 1302 Aelianus
581 1258 632 1300 V.
665 1259 719 1298 Η.
751 1259 834 1299 XII
871 1260 949 1299 30:
995 1253 1055 1308 εἰς
1097 1255 1312 1299 τοσοῦτον
1358 1256 1404 1299 δὲ
1447 1254 1535 1312 ἄρα
1574 1257 1729 1314 Κυρη-

237 1331 356 1370 ναῖοι
399 1327 567 1384 τρυφῆς
605 1323 857 1379 ἐξώκειλαν,
915 1322 1028 1370 ὥστε
1060 1325 1286 1369 Πλάτωνα
1318 1327 1615 1385 παρεκάλουν,
1650 1325 1727 1371 ἵνα

240 1398 392 1450 αὐτοῖς
421 1400 602 1457 γένηται
632 1398 909 1453 νομοθέτης·
941 1398 1021 1441 τὸν
1052 1399 1097 1441 δὲ
1127 1397 1382 1453 ἀπαξιῶσαι
1399 1403 1515 1458 φασὶ
1544 1400 1621 1443 διὰ
1649 1399 1732 1453 τὴν

240 1471 286 1525 ἐξ
314 1469 447 1528 ἀρχῆς
478 1466 718 1528 ῥᾳθυμίαν
756 1465 917 1513 αὐτῶν.
956 1467 1168 1527 ὁμολογεῖ
1189 1471 1235 1513 δὲ
1270 1473 1346 1519 καὶ
1375 1469 1569 1523 Εὔπολις
1597 1472 1645 1514 ἐν
1671 1471 1733 1533 τῷ

244 1543 462 1600 Μαρικᾷ,
510 1536 668 1590 ὅστις
712 1538 898 1582 αὐτῶν
943 1540 1356 1593 εὐτελέστατος
1410 1545 1729 1601 σφραγῖδας

244 1605 354 1670 εἶχε
395 1614 522 1656 δέκα
561 1610 735 1668 μνῶν·
772 1611 921 1668 παρῆν
961 1612 1008 1654 δὲ
1038 1612 1367 1669 θαυμάζεσθαι
1393 1617 1468 1657 καὶ
1498 1613 1599 1665 τοὺς
1630 1615 1733 1657 δια-

243 1683 500 1742 γλύᾳτοντας
529 1681 630 1731 τούς
661 1682 935 1734 δακτυλίους.
1002 1680 1151 1740 Attigit
1190 1687 1295 1727 haec
1326 1688 1567 1741 Lessingius
1598 1689 1732 1742 Epist.

248 1761 405 1812 antiqu.
435 1758 578 1800 XXIII
609 1771 651 1810 p.
684 1756 781 1796 164.
812 1757 908 1798 171.
979 1758 1024 1798 Si
1061 1759 1151 1811 ipsa
1189 1760 1315 1800 verba
1346 1761 1564 1813 Eupolidis
1594 1773 1734 1803 serva-

245 1832 306 1873 vit
334 1830 527 1885 scriptor,
559 1833 738 1869 metrum
769 1826 894 1868 facile
925 1829 1141 1870 restituas:
1444 1837 1447 1838 ’

522 1892 685 1946 ζὈστις
715 1895 797 1954 γὰρ
827 1894 973 1937 αὐτῶν
1003 1896 1123 1940 ἐστιν
1152 1895 1460 1950 εὐτελέστατος

533 1965 754 2027 σφραγῖδ’
785 1965 870 2024 ἔχει
898 1967 1022 2024 μνῶν
1052 1968 1169 2014 δέκα.

869 2095 908 2135 Χ
939 2121 994 2129 --
1025 2097 1120 2137 XII.

363 2184 638 2226 A‘ntiatticista
681 2197 723 2237 p.
754 2185 810 2225 79
858 2186 926 2227 10.
970 2181 1359 2240 ‘Affiaptwstc'az
1400 2181 1739 2242 Ἀριστοφάνης

253 2246 437 2311 Εἰρήνῃ,
478 2250 674 2302 Εὔπολις
720 2254 922 2313 Μαρικᾷ.
995 2259 1119 2312 Apud
1159 2259 1481 2313 Aristophanem
1519 2259 1616 2300 Pac.
1654 2258 1739 2299 415

253 2325 408 2379 legitur
447 2320 729 2379 ἁρματωλία,
772 2328 883 2380 quod
921 2329 1056 2381 ipsum
1096 2334 1233 2371 tamen
1267 2331 1456 2372 consulto
1486 2344 1562 2384 pro
1592 2320 1742 2384 o‘cpaapss-

253 2392 392 2435 τωλία
431 2397 586 2438 dictum
630 2402 708 2439 est.
782 2399 940 2439 Eadem
983 2400 1110 2453 igitur
1151 2402 1330 2443 fortasse
1361 2403 1484 2443 etiam
1515 2402 1741 2455 Eupolidei

252 2467 335 2508 loci
364 2469 469 2508 ratio
501 2469 596 2509 fuit.
656 2495 711 2502 ——-
772 2470 886 2509 Idem
917 2484 958 2523 p.
990 2473 1044 2511 99
1080 2473 1144 2512 ll.
1180 2467 1489 2528 Θερισμόνε
1532 2469 1630 2512 ἀντὶ
1661 2467 1741 2511 τοῦ

254 2533 430 2591 ἀμητόν
486 2532 738 2593 Ἠρόδοτος
769 2535 973 2597 τετάρτῳ.
1018 2538 1212 2592 Εὔπολις
1245 2542 1445 2600 Μαρικᾷ.
1502 2543 1624 2596 Apud
1651 2543 1740 2583 He-

253 2609 448 2651 rodotum
479 2611 537 2653 IV
567 2611 622 2651 42
654 2624 735 2651 non
767 2608 984 2663 θερισμὸς
1014 2614 1168 2666 legitur
1199 2616 1272 2655 sed
1303 2610 1486 2668 ἄμητος.
1523 2639 1580 2647 —-
1620 2614 1738 2656 Idem

254 2691 296 2733 p.
324 2680 403 2719 111
436 2681 477 2720 5.
507 2676 936 2735 Ὀφλισκάνεινε
969 2678 1159 2729 Εὔπολις
1191 2682 1391 2740 ,Μαρικιιὶ
1451 2685 1622 2727 Editum
1652 2698 1742 2739 μα-

253 2746 455 2806 καρισμῷ
484 2754 644 2793 correxi
676 2755 844 2806 Quaest.
875 2766 988 2794 scen.
1020 2754 1037 2793 1
1068 2768 1108 2808 p.
1139 2755 1208 2796 57.
