1786 3210
559 732 1418 792 Hlsssswllpptm&

711 837 845 888 (nist.
877 839 967 881 orit.
999 841 1112 894 pam)
1142 840 1254 892 sqq.)

524 1129 950 1173 ΑΘΗΝΑΣ
1021 1129 1350 1176 ΓοΝΛΙ.
1397 1136 1437 1187 *)

968 1256 1001 1296 Ι.

319 1336 510 1391 Ἐκεῖνός
538 1341 632 1384 ἐστι
663 1335 928 1395 στρογγύλος
957 1336 1039 1390 τὴν
1069 1336 1180 1396 ὄψιν
1207 1330 1242 1381 ὦ
1273 1339 1452 1396 πονηρέ,

318 1426 442 1478 ἐντὸς
472 1424 524 1467 δ’
553 1424 665 1483 ἔχων
694 1425 964 1482 περιέρχεται
993 1421 1134 1483 κύκλῳ
1163 1424 1219 1467 τὰ
1250 1422 1384 1468 πάντ’
1414 1425 1462 1467 ἐν
1490 1419 1622 1485 αὐτῷ,

317 1510 434 1570 ἡμᾶς
464 1512 511 1555 δὲ
540 1510 674 1555 τίκτει
704 1511 966 1568 περιτρέχων
995 1509 1078 1562 τὴν
1105 1510 1189 1565 γῆν
1217 1508 1547 1564 ἁπαξάπασαν·

317 1594 579 1660 ὀνομάζεται
611 1595 659 1639 δ’
689 1593 903 1647 ἐνιαυτός,
931 1591 995 1637 ὢν
1021 1594 1067 1637 δὲ
1098 1594 1331 1653 περιφερὴς
1360 1592 1566 1648 τελευτήν

320 1681 535 1740 οὐδεμίαν
565 1680 665 1725 οὐδ’
695 1678 834 1739 ἀρχὴν
864 1678 962 1737 ἔχει,
990 1681 1160 1723 κυκλῶν
1191 1678 1240 1722 δ’
1272 1679 1339 1723 ἀεὶ
1369 1678 1421 1723 τὸ
1452 1680 1585 1737 σῶμα

320 1766 374 1812 οὐ
404 1766 627 1812 παύσεται
659 1765 728 1809 δι’
758 1765 923 1823 ἡμέρας
954 1763 1171 1823 ὁσημέραι
1202 1765 1437 1824 τροχάζων.Ι

350 1887 556 1928 Stobaeus
585 1877 733 1938 Eclog.
766 1883 892 1937 Phys.
925 1883 943 1923 1
973 1897 1013 1936 p.
1044 1883 1144 1925 239.
1188 1883 1247 1924 Hi
1275 1895 1421 1925 versus
1452 1894 1579 1936 quum
1609 1881 1721 1935 apud

233 1957 459 2001 Canterum
489 1958 649 1998 incerto
680 1959 831 2010 poetae
859 1955 1115 2006 tribuantur,
1162 1955 1402 1997 Heerenius
1443 1968 1494 2011 ex
1524 1955 1720 1994 lemmate

233 2029 412 2070 duorum
451 2028 573 2069 codd.
604 2027 780 2080 margini
810 2025 1018 2079 adscripto
1049 2021 1320 2080 ,,ἆναγενέως
1353 2019 1637 2080 (Ερμῖπποιθ
1675 2027 1719 2065 et

231 2103 386 2154 poetae
415 2103 459 2139 et
487 2097 662 2143 fabulae.
684 2109 837 2137 nomen
866 2096 1064 2138 restituit.
1135 2098 1209 2139 Vs.
1239 2098 1263 2137 1
1314 2097 1532 2149 legebatur
1560 2089 1721 2142 ἐκεῖνός

232 2167 329 2210 ἔστι
357 2164 441 2219 τὴν
469 2163 581 2221 ὄψιν
605 2161 886 2220 στρογγύλος,
917 2167 1028 2219 quod
1047 2167 1263 2208 emendavi
1279 2167 1401 2207 Curis
1421 2167 1511 2207 crit.
1529 2180 1568 2219 p.
1579 2164 1725 2219 55.—‚

232 2241 307 2284 Vn.
327 2242 355 2281 2
385 2239 622 2281 Heerenius
653 2233 708 2277 τὰ
737 2235 837 2289 περὶ
866 2233 1037 2278 ἑαυτοῦ.
1088 2238 1191 2279 Cod.
1209 2239 1304 2281 vat.
1335 2234 1391 2276 τὰ
1420 2232 1532 2291 παρ’
1564 2232 1718 2293 ἑαυτῷ.

235 2311 410 2354 correxi
444 2311 527 2351 iam
557 2310 656 2350 olim
690 2309 948 2362 programm.
980 2309 1112 2350 schol.
1144 2309 1254 2349 1811
1287 2308 1423 2358 edito,
1461 2309 1585 2348 allato
1615 2309 1718 2363 Scy-

233 2383 341 2425 thini
370 2383 464 2423 loco
495 2381 606 2435 apud
635 2380 864 2421 stobaeum
902 2380 931 2420 1.
962 2380 990 2420 l.
1033 2394 1074 2433 p.
1107 2380 1211 2421 264:
1247 2374 1404 2433 χρόνος
1429 2376 1550 2418 ἐστὶν
1578 2370 1718 2418 ὕστα-

232 2464 314 2493 τον
341 2451 418 2493 καὶ
448 2449 622 2506 πρῶτον
653 2445 833 2500 πάντων
860 2449 936 2490 καὶ
967 2446 1052 2504 ἔχει
1081 2448 1128 2490 ἐν
1156 2446 1294 2507 ἑαυτῷ
1316 2444 1464 2490 πάντα
1492 2448 1568 2489 καὶ
1598 2444 1720 2490 ἔστιν

233 2514 310 2571 εἷς.
380 2523 471 2564 Nec
511 2521 720 2573 discrepat
759 2521 1026 2575 Pythagorae
1061 2522 1269 2562 sententia
1314 2525 1479 2573 tempus
1518 2519 1719 2573 σφαῖραν

236 2589 317 2633 τοῦ
345 2590 619 2648 περιέχοντος
648 2591 838 2631 dicentis.
897 2591 948 2633 V.
977 2592 1154 2632 Brandis
1184 2593 1294 2633 nist.
1325 2591 1476 2644 philos.
1507 2590 1525 2630 1
1555 2603 1596 2643 p.
1619 2589 1719 2631 475.

237 2664 441 2705 Convenit
468 2663 571 2704 item
601 2661 806 2703 rotundus
834 2661 909 2703 ille
938 2666 981 2702 et
1010 2662 1206 2703 volubilis
1238 2663 1340 2703 deus
1365 2661 1566 2710 Platonis,
1598 2673 1721 2715 quem

240 2757 274 2767 ..-

329 2809 364 2851 ’ὶ
388 2808 429 2844 V.
454 2807 542 2843 Hist.
569 2808 645 2842 crit.
669 2819 702 2852 p.
727 2805 807 2842 279.
833 2804 915 2845 282.
