1786 3210
202 175 286 215 διο
756 164 1158 222 ωιΕιιιςοκΑΤιε

431 436 1454 484 ΜΥΡΜΜΚΑΝΘΡΩΜΟΙ.

314 582 572 624 Novissimus
610 580 746 619 editor
776 576 1071 630 Aristophanis
1103 576 1362 631 Thesmoph.
1389 572 1439 632 p.
1471 579 1528 619 3⁰
1561 564 1685 643 negat

203 654 381 695 dubitari
422 664 567 705 posse,
616 651 713 703 quin
753 649 1029 689 Pherecrates
1072 647 1151 688 hac
1190 649 1231 689 in
1270 648 1411 690 fabula
1450 650 1685 704 improbum

202 714 415 764 hominem
445 721 710 774 Myrmecem,
745 720 869 760 etiam
902 720 952 759 a'b
985 719 1264 772 Aristophane
1295 721 1533 762 Ran.1502
1563 722 1686 763 casti-

134 818 141 820 -
201 800 367 848 gatum,
409 805 535 845 quum
569 793 706 845 ipsum
747 795 834 830 tum
865 789 1066 830 familiam
1098 791 1186 831 eius
1215 791 1404 831 irriserit.
1470 791 1556 832 Sed
1592 793 1687 834 talis

204 864 387 918 improbi
420 863 518 903 civis
548 876 625 916 per
656 866 784 903 totam
817 864 997 915 aliquam
1027 862 1211 903 fabulam
1239 862 1375 902 irrisio
1406 861 1540 902 aliena
1571 866 1635 903 est
1663 877 1687 905 a

203 936 323 989 poesi
355 934 638 975 Pher-ceratis.
697 935 754 974 Et
785 935 876 987 quis
907 934 1050 974 credat
1080 935 1299 975 obscurum
1331 933 1557 985 hominem,
1588 947 1688 988 qua-

202 1007 255 1047 lis
286 1006 477 1059 Myrmex
508 1005 582 1045 ille
612 1004 713 1055 suit,
746 1005 944 1046 idoneum
975 1005 1216 1046 comoediae
1247 1009 1535 1058 argumentum
1565 1018 1688 1058 prae-

203 1078 304 1118 bere
344 1077 564 1129 potuisse?
622 1075 853 1121 Neclfavet
882 1078 944 1117 illi
976 1077 1243 1117 coniecturae
1273 1076 1518 1117 Eustathius
1551 1077 1689 1130 Opus·

204 1148 306 1188 culis
351 1162 375 1187 a
420 1146 585 1187 Tafelio
632 1148 754 1187 editis
798 1162 840 1200 p.
862 1145 978 1187 ‘194:
1024 1144 1161 1202 ἕτεροι
1201 1143 1455 1200 μυρμηκιὰν
1494 1140 1690 1199 ἀγαθῶν

203 1212 514 1273 προσειπόντες
550 1213 631 1256 τὸν
666 1213 829 1257 στῦλον
866 1205 1024 1257 τοῦτον
1062 1219 1325 1267 (columnam
1367 1219 1489 1268 dicit,
1528 1218 1570 1259 in
1609 1231 1690 1271 qua

203 1289 342 1342 stylita
372 1286 538 1341 quidam
552 1289 939 1330 Thessalonicensis
962 1289 1239 1339 versabatur),
1267 1283 1326 1336 ὠς
1355 1281 1416 1336 εἷς
1442 1301 1690 1343 μυρμηκ-

203 1354 355 1413 ‹iv-99
372 1370 518 1397 ωπον
562 1355 888 1400 ταπεινώσουσι
936 1355 1016 1398 τὸν
1060 1356 1108 1398 ἐν
1158 1354 1277 1416 αὐτῷ
1323 1358 1464 1413 μέγαν
1508 1355 1692 1415 ἄνθρω-

204 1441 310 1470 πον·
342 1418 398 1479 ἦν
427 1423 545 1482 (ἢν)
577 1428 622 1469 δὲ
653 1426 740 1485 ἄρα
771 1420 1054 1484 σεμνότερον,
1083 1424 1141 1477 ὥς
1171 1423 1235 1478 εἷς
1262 1429 1690 1486 μυρμηκολὲον-

204 1513 293 1551 τα,
321 1492 392 1541 ὅτι
420 1499 498 1540 καὶ
525 1500 723 1554 κρεῖττον
749 1497 1010 1541 ἀπολέσθαι
1039 1497 1161 1555 παρὰ
1190 1498 1242 1539 τὸ
1270 1497 1333 1554 μὴ
1364 1496 1476 1555 ἔχειν
1505 1497 1690 1556 τροφήν,

206 1566 235 1611 ὃ
262 1567 315 1621 δὴ
346 1568 406 1627 τῷ
433 1569 781 1625 μυρμηκολέοντι
810 1569 1106 1622 ἐπιλαλεῖται,
1144 1565 1256 1626 ἤπερ
1285 1564 1400 1612 οὕτω
1430 1570 1507 1622 ζῆν
1534 1569 1693 1628 ἔχοντα

1755 332 1769 595 ...Q-...moestum
1750 359 1753 361 '
1716 0 1766 330 mmmm
1744 215 1750 225 κ’

207 1639 292 1683 καῖ
315 1637 567 1695 συνάγοντα
595 1640 925 1697 μυρμηκοειδῶς
956 1636 1016 1690 εἰς
1044 1636 1316 1684 ἀπόθετον.-
1358 1644 1396 1683 Is
1426 1645 1554 1696 igitur
1581 1657 1693 1700 μυρ-

207 1708 572 1767 μηκανθρώπους
604 1714 657 1753 de
688 1715 850 1766 pusillis
880 1715 1103 1766 brevisque
1139 1718 1322 1754 staturae
1356 1713 1593 1756 hominibus
1628 1717 1693 1758 in-

209 1782 386 1826 tellexit.
445 1785 530 1825 Sed
561 1784 696 1837 potuit
726 1797 825 1823 sane
856 1785 1125 1834 Eustathius‚
1156 1785 1225 1837 qui
1255 1785 1522 1827 Pherecratis
1552 1787 1693 1829 drama

211 1869 293 1897 uon
325 1856 404 1896 nisi
435 1868 484 1895 ex
516 1856 880 1908 grammaticorum
910 1856 1172 1896 citationibus
1202 1860 1366 1905 nosset,
1398 1870 1548 1898 nomen
1588 1858 1694 1899 illud

211 1927 252 1967 in
291 1939 387 1967 eum
435 1939 560 1979 quem
597 1921 763 1967 volebat
803 1940 969 1967 sensum
1000 1927 1264 1979 detorquere.
1324 1927 1597 1970 Commendat
1631 1933 1695 1981 ta-

213 2010 308 2037 men
352 1997 464 2036 illam
509 1997 892 2049 interpretationem
935 1998 1238 2050 quodammodo
1287 1998 1455 2051 Fragm.
1499 1999 1573 2050 IV,
1618 1999 1690 2041 ubi

214 2067 353 2110 nescio
386 2067 476 2119 quis
507 2067 597 2106 colo
630 2080 705 2119 pro
736 2068 950 2108 naviculae
981 2068 1089 2107 malo
1121 2068 1179 2108 uti
1208 2067 1388 2108 iubetur.
1430 2069 1531 2110 Fuit
1567 2082 1695 2123 quum

216 2143 355 2178 notam
395 2137 578 2177 fabulam
619 2137 672 2176 de
703 2137 888 2178 formicis
917 2138 958 2178 in
988 2138 1177 2178 homines
1208 2139 1374 2178 mutatis
1405 2139 1599 2181 dramatis
1629 2155 1695 2182 ar-

215 2213 412 2261 gumento
441 2209 668 2248 subiectam
700 2207 830 2248 fuisse
860 2208 1089 2250 crederem.
1156 2208 1241 2250 Sed
1279 2209 1319 2248 ei
1360 2222 1525 2263 quoque
1555 2212 1694 2253 conie-

217 2283 359 2320 cturae
389 2279 491 2319 nihil
522 2279 565 2318 in
595 2278 839 2331 fragmentis
870 2281 1080 2333 praesidii.
1131 2280 1396 2321 Deucalionis
1426 2281 1622 2333 quasdam
1652 2283 1695 2324 in

213 2351 293 2390 hac
322 2350 463 2390 fabula
494 2352 634 2402 partes
664 2348 794 2389 fuisse
824 2363 873 2389 ex
905 2351 1070 2403 Fragm.
1103 2352 1142 2392 11
1172 2352 1431 2405 intelligitur.

953 2501 982 2540 Ι.

334 2618 572 2658 Athenaeus
603 2617 660 2659 Vl
699 2612 738 2669 p'.
770 2619 916 2678 22921:
957 2616 1035 2657 τοῦ
1071 2617 1117 2657 δὲ
1155 2614 1351 2674 ῥήματος
1389 2617 1695 2672 (τηγανίζειν)

218 2685 439 2739 μέμνηται
480 2682 698 2741 Φρύνιχος
739 2685 785 2726 ἐν
833 2686 1084 2744 Τραγῳδοῖς
1121 2716 1175 2722 -
1217 2689 1293 2729 καὶ
1338 2685 1611 2745 Φερεκράτης
1648 2689 1695 2731 ἐν

220 2752 679 2812 ΝΙυρμηκανθρώποις
709 2753 822 2812 qnod
852 2757 928 2798 Σὺ
959 2755 1008 2797 δ’
1043 2756 1485 2812 ἀποτηγανίζεις.
