1786 3210
595 164 639 208 (Ι)
647 159 1040 207 OPMO‘DOROI.
1462 161 1547 202 40⁹

61 295 238 327 cusanus
277 282 604 324 Atheniensibus
647 279 936 333 suppeditasse
977 275 1121 317 nullus
1153 279 1339 316 veterum
1369 276 1547 330 scripto·-

55 360 170 405 aeum',
200 355 236 395 si
266 359 384 395 recte
414 353 596 402 memini,
627 351 818 391 tradidit:
859 350 999 401 itaque
1029 347 1253 388 videndum
1293 361 1346 387 ne
1376 353 1546 401 recepta

62 426 277 468 Eustathii
307 426 488 466 lectione
519 418 678 474 ἄγουσι
708 421 972 461 scribendum
1010 420 1065 460 sit
1093 432 1168 472 pro
1200 418 1452 472 παρέχουσι.
1489 446 1546 453 —-

59 499 138 541 Vs.
168 500 217 539 ll
258 499 437 539 fortasse
473 490 644 543 νηυσίν.
706 492 790 533 Sed
833 490 995 531 ναυσὶν
1035 492 1157 532 etiam
1197 504 1254 533 vs.
1285 490 1329 530 8.
1388 490 1547 532 Ibidem

63 569 162 610 libri
191 562 261 609 ὅτι
292 566 393 621 δίχα
424 562 580 616 θυμὸν
609 561 769 618 ἔχουσι.
830 565 1100 605 Conieceram
1130 561 1306 619 ἄνδιχα,-
1338 566 1450 617 quod
1479 579 1550 607 re..

65 641 178 694 cepit
206 640 459 681 Dindorfius.
522 638 638 677 Idem
669 636 800 676 voluit
829 636 910 676 iam
942 638 1226 678 Casaubonun.
1286 639 1370 679 Sed
1387 639 1548 682 Home-

63 713 198 753 ricum
235 716 301 752 est
342 707 444 762 δίχα
482 706 640 761 θυμὸν
678 703 811 760 ἔχειν,
849 720 931 747 non
969 702 1143 761 ἄνδιχα.
1215 711 1360 764 Itaque
1399 716 1547 769 scripsi

65 783 177 836 quod
220 783 457 823 dubitanter
500 780 719 833 proposuit
767 779 1006 819 Dindorfius
1055 775 1152 828 ὁτιή
1207 779 1322 835 δίχα.
1399 786 1544 829 Minus

65 858 183 895 recte
213 858 352 894 autem
383 851 629 893 Eustathius
660 851 712 890 ad
744 851 893 903 Odyss.
925 863 966 902 p.
999 850 1112 891 1582
1141 853 1211 902 20,
1242 867 1365 907 quem
1395 871 1549 911 sequu-

66 928 135 966 tus
167 929 231 965 est
261 924 552 972 Casaubonus,
582 921 648 962 his
677 922 814 962 verbis
846 921 1002 962 bellum
1036 923 1250 965 Persicum
1282 928 1433 981 respici
1464 935 1549 972 sta-

66 995 171 1044 tuit,
215 1007 297 1047 quo
343 998 535 1046 tempore
580 994 838 1045 Corcyraeos
884 1006 1029 1046 parum
1072 995 1235 1037 sincero
1277 999 1318 1038 in
1366 1000 1549 1042 Graecos

66 1066 204 1119 egisse
242 1068 404 1106 constat
440 1064 590 1105 animo.
662 1065 712 1105 V.
744 1064 938 1115 Thucyd.
977 1064 1056 1106 VII
1098 1066 1193 1107 168.
1254 1069 1424 1112 Diodor.
1464 1073 1549 1114 Sic.

64 1135 127 1178 XI
157 1136 226 1177 15.
293 1136 378 1177 Sed
415 1135 468 1175 ad
504 1138 646 1174 vetera
675 1134 747 1174 illa
777 1139 820 1173 et
850 1134 1039 1174 obsoleta
1070 1140 1115 1175 ut
1140 1140 1376 1191 respexisse
1406 1147 1550 1194 putem

66 1207 345 1260 Hermippum
383 1219 511 1259 aegre
548 1205 747 1245 adducor.
815 1205 960 1258 Itaque
998 1207 1123 1248 verba
1163 1209 1235 1250 illa
1273 1211 1325 1250 ad
1354 1212 1551 1257 intestina

67 1279 399 1332 Corcyraeorum
429 1277 600 1317 dissidia
629 1282 820 1328 spectare
853 1276 994 1326 credo,
1026 1291 1203 1330 quorum
1234 1282 1304 1322 alii
1335 1284 1551 1337 Spartanis

68 1349 139 1390 alii
168 1346 493 1390 Atheniensibus
529 1346 744 1396 favebant,
783 1352 830 1387 ut
870 1351 1031 1389 constat
1062 1363 1086 1390 e
1117 1349 1387 1406 Thucydide,
1418 1370 1552 1411 eaque

68 1420 358 1473 interpretatio
388 1420 512 1460 etiam
543 1432 593 1460 eo
622 1419 904 1469 confirmatur,
936 1421 1046 1472 quod
1063 1422 1274 1465 Homerus
1308 1425 1424 1468 Iliad.
1441 1423 1477 1466 v'
1495 1429 1552 1470 32

69 1491 172 1545 ipsis
200 1491 284 1532 illis
314 1491 450 1531 verbis
481 1491 534 1531 de
564 1491 642 1532 diis
678 1502 780 1531 usus
820 1494 907 1540 est,
944 1504 1119 1545 quorum
1159 1495 1228 1535 alii
1260 1497 1452 1540 Troianis
1482 1499 1552 1541 alii

71 1563 243 1604 Graecis
273 1562 480 1603 favebant.
525 1562 724 1604 Ceterum
754 1562 798 1602 hi
830 1563 912 1603 duo
943 1576 1111 1614 versus,
1139 1565 1182 1607 in
1214 1568 1362 1620 quibus
1394 1571 1553 1625 Corcy-

70 1633 160 1675 raei
190 1634 292 1674 diris
318 1634 597 1683 devoventur,
629 1646 723 1674 cum
747 1634 920 1687 reliquis
952 1635 1057 1675 adeo
1088 1649 1172 1678 non
1203 1640 1478 1692 conveniunt,
1507 1647 1554 1683 ut

72 1705 184 1746 inter
212 1717 368 1745 nonum
401 1716 565 1744 versum
596 1708 639 1744 et
676 1705 885 1745 decimum
916 1707 1152 1760 complures
1188 1711 1391 1752 excidisse
1421 1714 1555 1755 videri

75 1774 268 1817 debeant.
298 1792 355 1800 ·—
393 1775 462 1816 Vs.
481 1775 535 1815 12
563 1771 775 1813 ἐντεῦθεν
803 1775 891 1816 vitii
922 1784 1161 1831 suspectum
1192 1785 1255 1821 est
1285 1789 1460 1837 propter
1487 1786 1555 1826 ul-

75 1847 201 1887 timae
229 1846 413 1899 syllabae
442 1845 774 1899 productionem.
835 1849 946 1888 Num
975 1848 1088 1889 forte
1117 1847 1378 1891 ἐντευθὲνόε
1407 1854 1555 1896 adver-

75 1918 189 1960 bium
218 1917 299 1958 fuit
327 1922 374 1958 ut
402 1914 618 1958 ἐνθένδεὶῖ
647 1931 696 1959 an
727 1918 992 1961 scribendum
1022 1919 1164 1961 ταῦτα
1193 1924 1275 1975 μὲν
1306 1912 1386 1963 οὖν
1414 1923 1557 1966 ἐντεῦ-

75 1987 190 2030 θεν·
230 1982 308 2028 ἀπ’
342 1981 576 2040 Αἰγύπτου
615 1986 660 2028 δὲ
690 1986 946 2043 κρεμαστάὶὶ
1002 1994 1144 2036 Verba
1181 2007 1288 2047 quae
1325 2002 1557 2049 sequuntur

75 2056 132 2101 τὰ
161 2055 386 2114 κρεμαστὰ
415 2056 552 2110 ἱστία,
584 2074 800 2114 compares
830 2075 923 2102 cum
945 2063 1262 2118 Xenophonteis
1281 2066 1438 2109 Oecon.
1456 2069 1558 2111 VIII

78 2133 148 2182 12,
185 2133 256 2173 ubi
295 2145 441 2173 navem
479 2133 571 2186 regi
613 2132 712 2173 dicit
742 2129 818 2172 διὰ
847 2132 1228 2191 σκευῶνὶξυλίνων
1257 2137 1334 2176 καὶ
1363 2136 1558 2178 πλεκτῶν

78 2201 154 2242 καὶ
181 2199 448 2255 κρεμαστῶν.
509 2202 586 2244 Cfr
616 2203 766 2244 Pollux
797 2204 815 2244 l
846 2204 913 2244 94.
948 2205 986 2246 X
1010 2206 1078 2247 13.
1120 2233 1177 2240 —-
1225 2209 1295 2248 Vs.
1326 2209 1382 2248 14
1418 2205 1559 2248 κυπά-

77 2284 228 2329 ριττον
259 2271 373 2312 τοῖσι
403 2270 569 2324 θεοῖσι,
598 2286 655 2314 sc.
685 2274 736 2313 ad
767 2275 942 2315 deorum
971 2280 1125 2317 statuas
1155 2277 1428 2321 fabricandas.
1475 2282 1558 2321 Cu·

81 2345 270 2399 pressina
300 2344 475 2385 deorum
506 2344 725 2387 simulacra
754 2345 982 2394 habemus,
1020 2352 1065 2386 ut
1095 2348 1198 2389 alios
1228 2349 1408 2399 mittam,
1450 2351 1560 2404 apud

82 2417 329 2458 Pausaniam
359 2416 430 2456 lib.
463 2416 520 2458 VI
556 2417 607 2456 18
636 2421 679 2456 et
709 2416 809 2457 VlIl
843 2417 894 2457 17
922 2417 1098 2470 aliisque
1131 2420 1231 2459 locis
1271 2420 1471 2473 pluribus.
1504 2440 1560 2448 --

83 2488 157 2531 Vs.
189 2488 243 2527 17
282 2483 475 2538 Εὐβοίης
506 2488 591 2528 BD.
643 2514 699 2520 —
738 2488 808 2530 Vs.
841 2488 894 2528 19
926 2486 1146 2542 Παγασαὶ
1176 2491 1223 2530 L.
1272 2489 1478 2542 Ίάγασαὶ
1510 2492 1559 2534 V.

83 2583 139 2591 -—
167 2559 239 2600 Vs.
270 2559 326 2598 20
356 2559 595 2612 Hesychius
630 2572 664 2601 s.
695 2573 733 2601 v.
762 2556 865 2607 Διὸς
894 2555 1098 2612 βάλανοι.
1146 2554 1402 2614 ’Ἕρμιππος
1436 2561 1561 2616 Φορ-

85 2623 300 2684 μοφόροις
343 2626 434 2678 Τὰς
470 2627 572 2678 Διὸς
612 2625 836 2682 βαλάνους
877 2630 966 2672 κτλ.
1033 2632 1307 2674 Antiatticista
1339 2647 1379 2687 p.
1403 2634 1559 2675 8219.

82 2693 371 2754 ’Λμύγδαλαε
393 2695 648 2758 (Ἕρμιππος
683 2698 1013 2758 Φορμοφόροις.
1050 2705 1242 2744 Eundem
1275 2717 1437 2745 versum
1468 2717 1561 2744 cum

88 2774 280 2827 sequenti
309 2790 359 2819 ex
370 2776 587 2820 Athenaeo
617 2774 1069 2830 apposuitEustathius
1085 2775 1136 2816 ad
1152 2775 1300 2829 Odyss.
1321 2789 1361 2829 p.
1381 2775 1491 2830 1404
1521 2774 1563 2824 4,
