1786 3210
236 210 322 259 482
827 211 1134 254 EUPOLIDIS

327 325 426 370 ''Tc'e
455 324 736 383 Στησιχόρου
765 340 810 368 τε
839 326 917 367 καὶ
941 320 1199 379 Ἀλκμᾶνος
1227 323 1487 380 Σιμωνίδου
1515 340 1560 368 τε

350 397 536 458 ἀρχαῖον
564 397 723 441 αἐιδέν.
780 394 804 440 ὁ
836 396 883 438 δὲ
912 389 1171 448 Γνήσιππος
1200 392 1294 438 ἔστ’
1327 392 1518 450 ἀκούειν,

351 468 402 522 ὅς
431 468 648 527 νυκτερίν’
678 461 773 525 εὗρε
803 468 957 524 μυχοῖς
986 464 1201 523 ἀείσματ’
1231 467 1534 511 ἐκκαλεῖσθαι.
1577 479 1600 501 ⁸

237 545 283 586 In
323 545 388 586 his
426 540 570 583 ἄειδεν
600 543 842 592 Dindorfio,
883 545 1024 582 cetera
1066 542 1309 582 Hermanno
1348 542 1569 583 debentur.
1640 542 1726 583 Sed

235 629 314 658 nec
350 616 492 656 dorica
533 614 669 656 forma
708 610 854 653 ἄειδεν
891 616 988 666 apta
1027 612 1120 653 loco
1169 613 1212 654 in
1250 626 1332 666 quo
1373 613 1511 654 omnia
1558 610 1725 654 attica‘m

235 687 459 728 dialectum
498 687 688 740 sapiunt,
728 699 806 727 nec
844 682 999 738 μυχοῖς
1029 684 1197 738 placere
1227 689 1367 738 potest
1397 698 1498 738 prae
1530 697 1581 724 eo
1613 683 1725 737 quod

236 762 280 799 et
309 758 362 798 ad
392 759 744 799 constructionem
776 756 1128 810 simplicissimum
1159 759 1224 797 est
1254 759 1296 797 et
1321 755 1461 797 sensui
1491 768 1724 797 accommo-

234 830 506 871 datissimum.
566 830 632 872 Ad
663 828 912 870 sententiam
941 816 1064 882 'primi
1091 840 1237 868 versus
1265 827 1477 868 Iacobsius
1514 831 1725 880 comparat

233 902 445 956 Aristoph.
487 901 596 943 Nub.
644 901 767 942 1360.
840 901 903 942 Ac
947 899 1128 939 fortasse
1174 912 1224 940 ex
1269 899 1416 940 eadem
1461 898 1540 940 hac
1582 898 1724 939 fabula

232 977 444 1027 sumptum
484 978 549 1014 est
586 974 697 1027 quod
735 970 864 1012 tradit
902 969 1145 1012 Athenaeus
1177 970 1196 1012 l
1226 984 1267 1025 p.
1298 971 1392 1012 3a:
1427 964 1486 1019 ὥς
1523 963 1580 1009 τὰ
1608 967 1724 1010 Πιν-

232 1039 372 1098 δάρου
412 1038 437 1084 ὁ
465 1039 800 1102 κωμῳδιοποιός
838 1036 1037 1089 Εὔπολίς
1074 1054 1238 1097 φησιν,
1273 1037 1362 1093 ἤδη
1398 1053 1723 1096 κατασεσιγασ,

229 1113 376 1168 μένων
406 1112 492 1155 ὑπὸ
523 1112 601 1165 τῆς
630 1113 718 1154 τῶν
749 1110 926 1155 πολλῶν
954 1109 1260 1168 ἀφιλοκαλίας.
1383 1111 1387 1114 ”

946 1268 1018 1310 lV.

639 1349 837 1406 Ὀβολὸν
866 1348 948 1394 τὸν
978 1349 1310 1406 καλλιχέλωνον.

342 1466 493 1508 Pollux
514 1466 669 1508 1x74=
700 1466 777 1507 καὶ
804 1464 895 1521 μὴν
924 1466 1000 1507 καὶ
1029 1463 1080 1507 τὸ
1111 1460 1491 1515 Πελοποννησίων
1519 1456 1719 1516 νόμισμα

223 1531 421 1591 χελώνην
450 1537 562 1584 τινὲς
590 1533 746 1589 ἠξίουν
773 1537 923 1579 καλεῖν
952 1534 1042 1579 ἀπὸ
1072 1536 1152 1578 τοῦ
1180 1532 1468 1589 τυπώματος·
1500 1526 1614 1574 ὅθεν
1643 1531 1719 1572 καὶ

226 1603 254 1658 ἡ
284 1606 366 1661 μὲν
399 1606 619 1662 παροιμία
662 1605 774 1659 ,,τὰν
803 1605 964 1664 ἀρετὰν
1001 1608 1077 1649 καὶ
1117 1607 1201 1648 τὰν
1240 1602 1410 1660 σοφίαν
1448 1603 1619 1645 νικᾶντι
1645 1616 1717 1657 χι-

225 1676 411 1730 λῶναι”,
455 1676 502 1719 ἐν
540 1677 586 1719 δὲ
626 1680 717 1728 τοῖς
756 1675 1007 1729 Εὐπόλιδος
1044 1675 1245 1720 Εἵλωσιν
1281 1677 1451 1734 εἴρηται
1492 1671 1745 1729 Ὀβολόν,

225 1747 321 1791 τὸν
358 1748 788 1805 καλλιχέλωνον,
851 1753 1042 1807 Respicit
1071 1752 1330 1806 Hesychius,
1364 1746 1715 1802 Καλλιχέλωνοςῑ

225 1818 250 1863 ὀ
288 1817 460 1875 ὀβολός.
521 1812 606 1877 εἶχε
643 1819 727 1880 γὰρ
766 1820 819 1865 τὸ
858 1819 1061 1878 νόμισμα
1092 1818 1290 1878 χελώνην
1324 1818 1714 1876 ἐγκεχαραγμένην·

224 1894 290 1936 De
321 1894 580 1936 numismatis
605 1895 974 1951 Peloponnesiacis
1004 1897 1225 1940 testudinis
1252 1894 1437 1950 effigiem
1466 1891 1716 1936 habentibus

228 1979 268 2008 v.
300 1965 448 2008 Odofr.
478 1967 738 2009 Muellerum
769 1969 917 2023 Aegin.
947 1982 989 2023 p.
1021 1968 1090 2010 95.
1784 1951 1786 1962 ἑ

960 2106 1011 2148 V.

339 2189 490 2231 Pollux
520 2189 558 2232 X
589 2191 669 2232 98:
707 2188 782 2230 καὶ
823 2185 1017 2243 τάγηνον
1048 2188 1118 2240 δέ,
1156 2185 1271 2229 ἀλλὰ
1300 2184 1392 2242 μὴν
1420 2184 1495 2227 καὶ
1535 2180 1712 2239 τήγα-
1785 2179 1786 2182 ’

223 2271 319 2300 νον
358 2255 473 2314 ἔχοις
508 2252 566 2300 ἂν
594 2255 733 2316 εὑρεῖν
763 2253 992 2317 εἰρημένον
1021 2258 1069 2303 ἑν
1097 2255 1300 2302 Εἵλωσιν
1328 2253 1602 2311 Εὐπόλιδος,
1637 2258 1713 2300 καὶ

223 2328 271 2371 ἐν
305 2328 596 2382 Τηλεκλείδου
624 2327 916 2387 Ἀψευδέσιν.

929 2458 1000 2501 Vl.

333 2541 601 2589 Herodianus
631 2543 728 2584 dict.
760 2542 870 2584 solit.
900 2557 942 2597 p.
975 2544 1030 2583 10
1060 2543 1140 2583 34:
1181 2540 1350 2597 εἴρηται
1381 2538 1428 2581 δὲ
1456 2539 1532 2580 καὶ
1563 2533 1707 2578 Ποτί-

219 2608 300 2660 &ag
330 2614 434 2668 (leg.
466 2610 689 2668 Ποτιδᾶς)
717 2609 776 2662 ώς
807 2610 1028 2668 Κερκίδας
1059 2614 1162 2666 (leg.
1184 2610 1436 2667 Κερκιδᾶς),
1466 2606 1604 2650 ἔνθεν
1634 2602 1704 2649 αἰ-

216 2679 390 2733 τιατική
422 2681 471 2723 ἐν
502 2680 713 2726 Κύκλωπι
752 2684 856 2736 ,,ναὶ
887 2682 965 2725 τὸν
994 2681 1203 2723 Ποτίὸαν
1232 2679 1481 2734 (Ποτιδᾶν)
1510 2678 1707 2722 κοιλότε-

214 2765 289 2809 ρος
318 2749 459 2809 ὁλμοῦ
490 2751 646 2797 πολύ.”
699 2751 906 2813 Σώφρων
933 2769 978 2797 τε
1007 2751 1091 2806 τὴν
1118 2749 1331 2804 κλητικὴν
1361 2749 1447 2808 ἔφη
1478 2748 1703 2794 Ποτίδα

213 2821 449 2879 (Ποτιδᾶ)
487 2823 624 2881 δρασ
636 2839 729 2880 τοχ
742 2827 804 2868 αἴ
808 2840 833 2867 τ
850 2830 987 2880 ιιι-(9).
1046 2822 1071 2865 ὁ
1107 2823 1155 2865 δὲ
1183 2822 1290 2874 τοὺς
1314 2819 1515 2879 Εἰλώτας
1544 2818 1700 2878 (Εἵλω-
1771 2846 1774 2851 <
