1786 3210
1668 0 1760 137 (Ἰ

218 291 392 345 vagiana
422 289 597 339 omittit,
637 287 832 329 Bodaeus
861 288 1072 342 Stapelius
1113 287 1280 341 scripsit
1309 281 1466 339 ἄπιον,
1503 289 1709 344 Bergkius

217 357 400 415 φυλίαν,
431 360 671 402 oleastrum.
724 361 863 401 Satius
893 360 989 400 duxi
1023 360 1277 412 coniungere
1307 354 1440 398 ἁλίαν
1468 357 1591 414 δρῦν,
1622 373 1706 414 quo

216 434 386 475 nomine
416 432 594 473 eandem
625 432 817 473 arborem
849 430 1074 483 significari
1105 431 1261 480 credo,
1293 442 1400 483 quae
1429 431 1480 471 ab
1511 431 1604 472 aliis
1633 445 1707 473 vo-

217 509 336 545 catur
382 498 626 544 θαλασσία
670 500 774 557 δρῦς
816 507 859 543 et
903 496 1149 556 ἁλίφλοιος.
1234 501 1707 545 Pseudo-Democritus

214 575 326 629 apud
363 575 603 616 Fabricium
645 574 752 615 Bibl.
793 588 856 629 gr.
897 573 956 615 IV
993 574 1049 614 29
1089 587 1129 626 p.
1162 573 1273 613 337:
1318 569 1422 627 δρῦς
1464 569 1706 614 θαλασσία

212 641 473 698 ἀντιπάσχει
503 640 649 694 πάσης
668 642 835 698 μανίας
864 639 1013 696 ἀγωγὴ
1045 644 1150 698 (leg.
1182 638 1304 700 πάσῃ
1326 640 1492 697 μανίας
1520 641 1703 703 ἀγωγῇ).

212 717 535 772 Theophrastus
565 717 622 758 H.
654 717 702 758 P.
735 715 837 758 V111
867 717 920 757 8:
960 710 1019 763 ὠς
1049 709 1098 754 δ’
1132 713 1176 755 οἱ
1199 714 1298 770 περὶ
1318 695 1451 765 ”Ῐδην
1481 715 1705 773 διαιροῦσι
1750 722 1755 726 ”

210 785 313 829 τάδ’
343 787 439 828 ἐστὶ
469 783 525 827 τὰ
554 785 677 838 εἴδη,
707 781 881 840 ἡμερίς,
914 781 1132 841 αἰγίλωψ,
1171 781 1508 842 πλατύφυλλος,
1546 783 1703 844 φηγός,

207 857 457 916 ἁλίφλοιος.
529 859 792 913 Hesychius,
838 853 1123 912 (Λλίφλοιοςε
1176 858 1299 912 γένος
1344 856 1487 915 δρυός.
1558 860 1701 903 Schol.

209 933 429 976 Theocriti
461 931 520 973 IX
552 932 630 971 19:
674 923 762 970 εἰσὶ
792 928 839 970 δὲ
870 926 1133 984 δρυὸς-γένη
1163 929 1314 981 πέντε,
1344 926 1506 986 φηγός,
1535 926 1702 986 ἡμερίς,

206 1000 470 1058 ἐτύμοδρυς,
509 997 698 1056 ἄλιφλος
727 1003 831 1055 (leg.
861 997 1114 1058 ἁλίφλοιος)
1144 1001 1220 1042 καὶ
1249 997 1421 1051 ἄκυλος.
1494 1003 1619 1056 Quod
1656 1003 1700 1045 in

205 1078 292 1118 fine
320 1088 466 1117 versus
496 1074 651 1128 legitur
679 1070 861 1129 ἐρείκην,
890 1087 973 1127 quo
1004 1078 1175 1116 auctore
1203 1074 1315 1127 apud
1340 1075 1601 1116 Macrobium
1630 1086 1700 1115 re-

203 1152 372 1202 ceptum
402 1147 456 1187 sit
485 1146 685 1199 indagare
715 1159 799 1187 non
830 1147 962 1200 potui.
1032 1147 1191 1189 Vetera
1234 1146 1404 1199 quidem
1446 1145 1699 1199 exemplaria

206 1219 494 1262 consentiente
527 1217 753 1258 Plutarcho
783 1217 942 1258 habent
970 1213 1174 1272 μυρίκην.
1226 1218 1426 1258 Fortasse
1455 1219 1582 1270 igitur
1610 1212 1699 1272 ε’ρί-

205 1303 289 1342 κην
325 1288 616 1339 scribendum,
657 1289 1008 1342 quemadmodum
1038 1288 1145 1329 illud
1174 1288 1385 1329 scribebat
1416 1289 1696 1330 Herodianus.
1754 1334 1758 1337 ,

203 1363 526 1406 Choeroboscus
564 1361 752 1402 Grameri
783 1361 822 1401 11
853 1375 895 1414 p.
925 1361 1037 1401 272:
1073 1358 1208 1415 χωρὶς
1246 1357 1326 1400 τοῦ
1363 1356 1542 1414 φερείκη
1581 1361 1694 1415 (leg.

204 1431 393 1492 ἐρείκη),
424 1425 532 1487 ὅπερ
562 1426 587 1471 ὁ
614 1427 903 1486 Ἠρωδιανὸς
934 1428 1009 1470 διὰ
1040 1429 1120 1471 τοῦ
1148 1428 1176 1470 ι’
1205 1428 1493 1486 ἐκτεταμένον
1521 1426 1694 1486 γράφει.

202 1533 260 1544 —--
306 1508 380 1550 vs.
409 1506 437 1547 5
481 1503 665 1558 respexit
701 1504 926 1545 Erotianus
964 1503 1102 1544 Gloss.
1146 1503 1275 1557 Hipp.
1316 1517 1356 1556 p.
1386 1503 1472 1544 514
1515 1504 1582 1545 ed.
1619 1503 1692 1544 Fr.

202 1572 437 1634 πρόμαλον
465 1574 587 1616 ἐστιν
615 1563 730 1622 εἶδος
761 1571 905 1628 φυτοῦ
940 1564 994 1614 οὗ
1021 1573 1244 1627 μέμνηται
1273 1573 1349 1613 καὶ
1378 1569 1573 1622 Εὔπολις
1604 1567 1692 1614 Αἰ-

201 1647 284 1702 ξίν.
345 1648 506 1690 ibidem
536 1642 672 1701 θύμα
702 1661 726 1688 a
756 1645 981 1687 Plutarcho
1014 1647 1226 1688 omissum.
1285 1646 1369 1688 Pro
1399 1642 1568 1687 κισθόν
1597 1646 1691 1688 Ma-

201 1721 332 1765 crobii
363 1720 459 1762 edd.
488 1719 745 1762 recentiores
774 1713 947 1760 κισσόν.

219 176 305 217 428
818 172 1128 216 EUPOLIDIS

921 1843 976 1884 II.

252 1928 343 1981 ’.Ως
370 1926 398 1982 ἡ
429 1925 533 1971 ποτ’
567 1925 707 1971 αὐτὸν
739 1923 797 1980 ἢν
824 1923 944 1985 κάμῃ
974 1940 1054 1978 τις,
1083 1922 1252 1976 εὐθέως

254 2015 346 2074 ε’ρεῖ
380 2015 513 2072 [πρὸς
551 2012 735 2068 αὐτὸν],
779 2010 893 2070 πρίω
931 2026 1010 2067 μοι
1046 2009 1262 2068 σελάχιον.
1341 2010 1399 2055 B.
1446 2006 1492 2051 τί
1537 2006 1590 2051 δ’
1630 2004 1688 2062 ἢν

991 2094 1146 2150 λύκον,

254 2188 310 2230 Α.
342 2181 594 2242 κεκράξεται
623 2181 785 2243 φράσει
815 2199 860 2226 τε
890 2181 1000 2241 πρὸς
1028 2180 1107 2224 τὸν
1137 2177 1340 2238 αἰπόλον.
1368 2202 1382 2210 2

307 2303 533 2346 Erotianus
563 2302 700 2343 Gloss.
732 2302 935 2356 Hippocr.
967 2315 1008 2354 p.
1039 2299 1136 2341 348.
1176 2293 1453 2352 Σελαχίοισιε
1487 2297 1579 2345 τοῖς
1606 2311 1681 2348 μι-

194 2374 311 2431 κροῖς
342 2369 583 2428 ἰχθυδίοις,
614 2367 643 2424 ἢ
667 2374 758 2421 τοῖς
788 2369 1172 2428 ὀστρακοδέρμοις,
1203 2362 1300 2410 οἷον
1321 2364 1547 2424 καράβοις,
1577 2382 1683 2423 καρ-

194 2444 354 2496 κίνοις,
395 2439 560 2499 κήρυξι.
620 2444 841 2499 μέμνηται
883 2441 960 2495 τῆς
989 2441 1140 2494 λέξεως
1169 2442 1243 2482 καὶ
1273 2437 1468 2489 Εὔπολις
1497 2439 1544 2480 έν
1573 2433 1681 2491 Αἶξὶ

194 2516 332 2571 λέγων
363 2511 451 2564 “.Ως
479 2511 506 2566 ἡ
537 2516 642 2556 ποτὲ
673 2513 809 2556 αὐτὸν
839 2514 928 2556 κτλ.
999 2517 1071 2558 Vs.
1099 2517 1120 2555 1
1162 2514 1377 2556 Hanovius
1407 2514 1556 2554 Exere.
1586 2496 1678 2553 crit.

195 2591 213 2631 1
244 2603 285 2643 p.
302 2588 357 2628 45
386 2589 574 2629 tentabat
601 2584 660 2636 ὡς
686 2584 744 2637 ἤν
773 2584 881 2627 ποτ’
911 2575 971 2627 αὗ
999 2584 1141 2639 γονῶν
1169 2581 1300 2640 κάμῃ,
1332 2597 1413 2636 quo
1444 2583 1549 2623 nihil
1580 2595 1678 2634 pro-

193 2662 262 2702 fici
292 2661 345 2701 ad
375 2661 674 2713 corruptissimi
696 2660 919 2713 fragmenti
950 2659 1282 2699 emendationem
1307 2660 1496 2708 apertum
1529 2659 1677 2695 est.—

192 2732 308 2775 Vsa
337 2727 446 2784 πρὸς
475 2726 613 2770 αὐτόν
642 2732 795 2773 seclusi
825 2735 870 2772 ut
901 2744 950 2770 ex
981 2729 1187 2783 superiori
1219 2723 1320 2766 ποτ’
1352 2722 1491 2765 αὐτὸν
1521 2729 1676 2766 natum.

189 2799 340 2845 Λύκον
368 2801 559 2857 intelligo
590 2804 774 2857 piscem,
817 2797 1036 2856 σελαχίοις
1081 2800 1250 2842 minutis
1287 2798 1471 2853 piscibus
1508 2796 1675 2852 opposi-
