1786 3210
492 187 551 230 Μ
557 186 692 230 ΥΡΜ
691 187 748 229 Η
750 185 891 229 ΚΑΝ
890 181 1075 227 ΘΡΩΠ
1077 182 1151 228 ΟΙ.
1480 185 1567 228 813

77 305 266 363 parabas!
296 304 425 358 petita
453 303 706 357 suspicabar.
772 301 934 343 Eodem
972 300 1139 342 dIcendi
1176 311 1336 354 genere
1366 300 1411 341 In
1443 314 1564 355 para-

79 378 171 420 basi
198 389 298 417 usus
330 379 393 416 est
422 375 668 427 Metagenes
697 373 806 426 apud
837 372 998 413 Polluc.
1027 373 1066 414 X
1095 373 1173 412 88:
1215 370 1415 411 καιναῖσι
1452 385 1565 426 παρ-

79 444 212 499 οψίσι
238 445 314 487 καὶ
344 443 527 503 πολλαῖς
555 437 760 496 εὐωχήσω
788 439 838 482 τὸ
864 441 1078 499 θέατρον,
1109 448 1152 485 et
1169 442 1415 496 Astydamas
1432 442 1563 484 Athe·

81 520 174 562 naei
206 519 241 560 X
271 533 313 571 p.
344 518 426 559 411
449 531 494 556 a:

193 584 294 629 ἀλλ’
320 580 471 641 ὥσπερ
500 582 681 625 δείπνου
710 580 942 638 γλαφυροῦ
972 580 1176 634 ποικίλην
1205 578 1397 638 εὐωχίαν

190 657 271 701 τὸν
299 655 490 708 ποιητὴν
521 654 592 696 δεῖ
618 654 823 710 παρέχειν
854 653 944 702 τοῖς
973 653 1166 703 θεαταῖς
1194 651 1274 695 τὸν
1303 648 1462 710 σοφόν.

790 794 862 836 V1.

193 887 428 931 Scholiasta
454 885 560 928 Ven.
592 883 804 937 Aristoph.
836 884 972 937 vesps
993 884 1103 924 672:
1152 880 1205 924 τὸ
1244 881 1291 924 δὲ
1329 880 1565 940 λαγαρύζεζ

81 957 202 1000 σθαι
242 952 390 1012 ἕτερόν
427 968 471 995 τι
501 950 639 994 ἔοικεν
667 951 913 1008 ἐμφαίνειν.
977 949 1252 1008 Φερεκράτης
1283 955 1566 1012 Μυρμηκαν-

78 1023 284 1085 θρώποις
312 1024 413 1068 ὰντὶ
443 1023 523 1066 τοῦ
552 1020 802 1065 σιὸαλεύειν
841 1026 957 1080 (leg.
988 1021 1244 1079 σκαλεύειν)
1283 1021 1390 1083 ἄρα
1427 1024 1566 1068 ποθ’

77 1094 240 1154 ὑμεῖς
268 1097 357 1139 καὶ
387 1093 485 1146 τῆς
514 1091 732 1152 ὀροφῆς
761 1091 860 1136 τὸν
883 1093 1043 1149 χοῦν,
1078 1093 1219 1137 κατὰ
1257 1095 1354 1147 τῆς
1390 1111 1566 1153 κεφα-

79 1168 176 1222 λῆς
201 1162 730 1221 κατακοιμήσονται
760 1163 1213 1222 λαγυριζόμενοι.
1255 1169 1408 1212 Veram
1437 1170 1565 1212 huius

30 1263 40 1268 -
83 1242 202 1283 verbi
240 1241 418 1282 formam
448 1253 541 1280 esse
570 1235 895 1294 λαγαρίζεσθαι
933 1241 1296 1293 grammaticorum
1339 1253 1566 1282 consensus

80 1313 231 1362 docet,
261 1312 373 1352 hunc
402 1312 538 1364 ipsum
568 1310 841 1351 Pherecratis
871 1310 1009 1351 locum
1039 1311 1367 1364 respicientium.
1425 1313 1565 1366 Hesy-

79 1383 214 1433 chius,
243 1376 619 1436 Λαγαριζὸμενοιε
652 1375 950 1428 σκαλεύοντες.
1013 1382 1190 1422 Photius
1220 1395 1261 1436 p.
1286 1383 1369 1423 201
1402 1383 1442 1424 9.
1465 1382 1566 1424 Λα-

78 1447 377 1508 γαριζόμενοιε
410 1447 705 1502 σκαλεύοντες,
735 1448 814 1499 τὰς
842 1448 1036 1504 λαγόνας
1065 1449 1317 1501 τύπτοντες.
1373 1455 1564 1496 Eandem

81 1525 331 1579 scripturam
362 1524 625 1565 commendat
655 1523 797 1564 dorica
827 1522 964 1564 forma
993 1519 1361 1578 λαγαρίττεσθαι.
1421 1526 1564 1580 Hesy-

0 1590 3 1591 ⁷
81 1595 215 1645 chius,
243 1590 595 1650 Λαγαρίττεταιι
623 1589 897 1651 μετριεύεται
926 1596 1002 1649 (2²).
1042 1596 1126 1637 Pro
1155 1590 1566 1650 κατακοιμήσονται

0 1675 1 1679 ’
81 1667 346 1709 scribendum
381 1668 545 1708 videtur
582 1662 936 1720 καταμήσονται.
997 1663 1119 1715 Χοῦς
1145 1667 1245 1720 quid
1273 1667 1356 1708 hoc
1384 1668 1479 1709 Ioco
1508 1670 1578 1710 si·-

0 1758 1 1761 ¹
81 1739 254 1792 gnificet
283 1738 436 1778 docere
465 1737 632 1778 videtur
660 1739 912 1792 Hesychius,
954 1736 1095 1786 λοῦς;
1135 1736 1213 1778 καὶ
1248 1734 1300 1777 τὸ
1329 1734 1565 1791 επιβαλλό-

83 1819 220 1863 μενον
247 1805 307 1848 τῶ
336 1803 487 1864 ὀρόφω
513 1805 656 1861 χῶμα.
697 1810 842 1863 Itaque
871 1810 989 1851 locus
1016 1809 1074 1849 ita
1104 1810 1350 1880 scribenqus
1380 1811 1564 1853 videtur:

358 1867 483 1935 Ape}
514 1874 630 1919 ποθ’
664 1875 786 1932 ὑμεῖς
842 1883 862 1905 ⁶
919 1883 938 1904 ⁸
996 1882 1016 1905 ¹*
1076 1882 1095 1902 ‘

366 1949 441 1991 καὶ
472 1948 550 2001 τῆς
578 1946 747 2007 ὀροφῆς
776 1947 856 1991 τὸν
880 1947 993 2005 χοῦν
1022 1945 1194 2006 [ὑμῶν]

302 2039 305 2041 ·
365 2018 480 2062 κατὰ
509 2019 588 2072 τῆς
614 2020 809 2078 κεφαλῆς
836 2016 1177 2077 καταμὴσονται

367 2090 718 2149 λαγαριζόμενοι.

3 2165 8 2172 ’
84 2164 308 2206 Praeterea
336 2176 413 2218 pro
442 2159 575 2218 ὑμεῖς,
607 2166 720 2219 quod
747 2164 851 2206 ferri
874 2177 962 2206 non
993 2178 1117 2219 posse
1148 2168 1338 2219 apertum
1369 2169 1456 2216 est,
1493 2170 1566 2207 aut

0 2277 7 2286 ¹
86 2228 193 2287 ὑμῖν
221 2229 437 2287 ιιιιῐὺμᾶς
473 2237 738 2278 scribendum
776 2240 864 2286 est,
900 2236 945 2276 id
975 2240 1022 2276 ut
1051 2250 1075 2277 a
1104 2238 1233 2277 verbo
1263 2237 1373 2289 quod
1413 2236 1565 2278 excidit

88 2305 180 2360 regi
209 2308 426 2346 statuatur.
484 2307 574 2348 Nisi
603 2307 645 2347 in
675 2307 813 2348 verbis
843 2301 962 2346 ποθ’
992 2300 1114 2359 ὑμεῖς
1142 2307 1246 2353 latet
1274 2301 1537 2361 προθύμως.

690 2441 784 2484 VII.
843 2442 958 2484 VIII.

320 2522 517 2565 Ιέλῶντα
548 2524 622 2565 καὶ
651 2522 866 2581 χαίροντα
896 2524 973 2566 καὶ
1002 2524 1325 2579 τεθολωμένον.

306 2605 424 2651 ’Ῡπὸ
457 2608 533 2660 τῆς
561 2606 689 2659 ἀνίας
719 2606 1002 2653 ἀνεθολοῦθ·’
1035 2607 1062 2660 ἡ
1091 2607 1266 2667 καρδία.

203 2723 374 2766 Photius
402 2726 502 2766 Lex.
534 2739 575 2779 p.
604 2725 690 2766 573
718 2727 759 2767 7.
811 2723 1150 2778 Ίέθολωμὲνοςε
1192 2725 1266 2765 καὶ
1304 2723 1378 2767 ἐπὶ
1411 2725 1566 2782 χαρᾶς.

94 2788 365 2849 Φερεκράτης
405 2793 862 2852 Μυρμηκανθρώποις
902 2795 927 2838 1
937 2795 1103 2838 ἐλῶντα
1146 2824 1199 2831 --
1240 2796 1564 2852 τεθολωμένον.
