1786 3210
499 197 537 240 Δ
547 196 583 240 0
595 197 674 241 ΥΛ
677 196 908 241 ΟΔΙΛΑΣ
909 196 1046 241 ΚΑΛ
1049 195 1129 239 ΟΣ
1128 231 1137 241 .
1477 202 1563 244 273

69 311 150 364 τὰς
180 310 368 370 πτερνάς
398 313 442 354 οἱ
484 309 741 362 ἱππεύοντες
783 310 1087 368 περιεδοῦντο·
1130 306 1404 368 Φερεκράτης
1441 314 1563 372 εἴρη-

23 414 26 415 ν
68 399 142 428 κεν
170 385 218 427 ἐν
247 382 660 442 Δουλοδιδασκάλῳ.
720 411 775 418 a
821 386 1033 426 Antiattic.
1065 399 1106 439 p.
1137 386 1192 426 99
1222 386 1291 426 23.
1343 384 1561 437 Θησέως

12 472 13 477 ’
69 454 172 499 ἀντὶ
202 456 281 498 τοῦ
312 454 501 508 emam.
550 451 827 511 Φερεκράτης
858 450 1271 512 Δουλοδιδασκάλῳ.
1333 460 1561 513 Compares

11 535 16 573 ἶ
45 532 341 572 'Homericum
371 528 452 569 κέω
482 542 558 583 pro
589 524 701 578 κείω,
733 532 775 568 et
806 528 917 581 quod
942 529 1137 582 Sophron
1170 529 1271 568 dixit
1300 530 1411 582 apud
1431 531 1561 584 Apol-

68 603 227 643 lonium
259 602 313 642 de
343 601 469 641 Pron.
501 615 541 654 p.
567 600 653 641 323
685 601 716 641 Β
751 604 793 639 et
824 599 1151 640 Grammaticum
1181 600 1369 640 Crameri
1401 601 1560 643 Anecd.

71 674 128 717 IV
159 687 200 727 p.
231 673 337 713 413:
383 668 494 724 ἐγών
538 668 585 711 δέ
626 684 679 711 τυ
725 669 800 711 καὶ
844 665 983 710 πάλαι
1012 665 1184 723 ὤψεον,
1226 670 1277 710 ab
1320 664 1443 724 ὀψὲω
1483 685 1560 726 pro

66 739 222 799 ὀψείω.
281 744 498 784 Bekkerus
530 747 674 783 contra
705 742 797 782 cod.
829 743 1116 782 auctoritatem
1147 736 1328 795 ιῖίψειον.
1392 743 1561 796 Nequa-

66 829 190 869 quam
237 815 366 868 igitur
406 815 531 854 fidem
574 814 867 866 denegaverim
915 814 1206 867 grammatico,
1256 826 1381 866 quum
1431 816 1561 856 multa

66 888 344 928 Pherecrates
373 886 414 926 in
447 885 646 925 orationis
678 884 1008 925 conformatione
1041 885 1346 937 verborumque
1377 898 1454 926 usu
1485 887 1561 927 ha-

66 959 212 999 buerit.
245 958 371 1010 plane
413 956 650 1008 singularia.
734 954 822 996 Cfr.
868 956 976 995 Hist.
1016 955 1107 995 crit.
1147 969 1188 1008 p.
1220 957 1287 995 67„
1363 958 1425 997 Ac
1468 958 1560 1011 quis

64 1032 273 1083 praestet,
320 1028 424 1067 illud
468 1024 625 1075 θησέω
671 1040 753 1066 non
802 1040 852 1066 ex
897 1028 969 1067 tali
1016 1026 1183 1066 fabulae
1225 1032 1342 1080 parte
1380 1028 1560 1080 petitum

21 1135 28 1147 ,,
65 1112 181 1149 esse,
215 1099 293 1141 ,ubi
331 1098 578 1139 Doriensem
619 1098 832 1138 hominem
872 1099 1115 1150 loquentem
1154 1098 1374 1139 induxerat
1402 1100 1560 1152 poeta?

64 1171 115 1212 G.
146 1170 385 1218 Dindorfio‚
427 1169 497 1222 qui
533 1165 688 1224 Θησὲῳ
719 1173 761 1209 et
795 1165 968 1224 Θησείῳ
997 1169 1265 1209 scribendum
1306 1170 1487 1211 coniecit
1516 1171 1559 1212 in

65 1242 286 1284 Thesauro
327 1241 494 1293 linguae
532 1253 732 1293 graecae,
773 1241 869 1281 ideo
910 1253 992 1280 non
1040 1241 1219 1290 accedo,
1266 1241 1378 1293 quod
1419 1241 1559 1284 forma

69 1307 242 1362 Θήσεον
272 1312 386 1352 nulla
415 1315 528 1351 certa
558 1312 704 1351 nititur
733 1312 1004 1361 auctoritate3
1050 1316 1128 1351 nec
1170 1312 1278 1352 solet
1307 1313 1364 1353 ita
1396 1313 1558 1354 Antiat-

64 1384 222 1434 ticista,
259 1384 378 1424 cuius
417 1383 584 1435 glossae
621 1386 693 1422 aut
730 1383 864 1436 primo
910 1388 980 1422 aut
1021 1387 1169 1435 quarto
1201 1396 1298 1424 casu
1330 1389 1559 1438 conceptae

63 1461 174 1498 sunt.
214 1479 267 1487 ——
309 1454 425 1494 Idem
457 1453 734 1494 Antiatticista
766 1468 805 1507 p.
838 1454 921 1494 113
951 1454 991 1494 5.
1032 1450 1382 1506 Ῥαβδίζεινε
1422 1454 1558 1511 (Depe-

63 1522 224 1582 κράτης
264 1519 677 1580 Δουλοδιδασκάλῳ.
746 1526 852 1566 Cum
893 1525 974 1565 hoc
1012 1526 1054 1566 in
1097 1527 1283 1567 dramate
1323 1528 1454 1568 multa
1494 1530 1557 1569 rei

64 1598 268 1641 textoriae
316 1598 516 1637 memoria
561 1596 714 1646 fuerit,
774 1609 855 1636 non
901 1597 1176 1650 improbabile
1223 1603 1286 1638 est
1330 1594 1557 1653 ῥαβδίζειν

64 1671 364 1712 Pherecratem
406 1668 554 1708 eadem
585 1668 890 1721 significatione
920 1668 1111 1721 posuisse
1142 1682 1222 1720 qua
1253 1670 1557 1724 Aristophanes

67 1742 245 1796 Lysistr.
276 1740 382 1780 575:

152 1804 456 1856 ἐκπλύναντας
487 1805 567 1857 τὴν
596 1803 822 1859 οἰσπώτην
852 1807 896 1848 ἐκ
927 1807 1003 1858 τῆς
1034 1805 1199 1857 πόλεως
1228 1808 1297 1850 ἐπὶ
1331 1806 1479 1859 κλίνης

150 1876 421 1936 ἐκραβδίζειν
450 1877 551 1928 τοὺς
581 1877 855 1935 μοχθηρούς.
889 1885 928 1932 *)
1175 1859 1190 1874 ⁸

66 1954 157 1997 cfr.
188 1952 289 1994 ibid.
320 1953 419 1992 587.
584 1941 593 1946 “

177 2025 241 2066 De
272 2024 354 2064 alio
384 2022 646 2076 fragmento,
687 2024 799 2076 quod
840 2036 864 2062 e
896 2022 1214 2064 Dulodidascalo
1246 2025 1422 2077 petitum
1465 2035 1558 2065 esse

63 2097 196 2139 videri
224 2095 368 2150 possit,
401 2094 573 2147 exposui
604 2094 772 2148 Fragm.
803 2095 884 2136 inc.
916 2092 1001 2135 fab.
1033 2094 1189 2137 xvln.

161 2244 190 2287 ”)
218 2245 268 2278 lta
291 2243 383 2278 enim
408 2244 557 2286 legenda
583 2242 670 2277 haec
694 2250 738 2273 ex
764 2239 864 2275 codd.
890 2245 924 2275 et
952 2240 1079 2276 Photio
1105 2241 1191 2276 Lex.
1210 2254 1244 2286 p.
1259 2242 1329 2277 323
1355 2240 1414 2278 25.
1443 2241 1557 2285 Vulgo

64 2317 132 2340 non
159 2305 235 2339 sine
260 2304 359 2347 gravi
382 2304 465 2338 vitio
491 2305 684 2342 ἐπικλινεῖς,
717 2302 808 2345 quod
836 2313 905 2335 non
939 2306 1054 2345 potest
1088 2313 1157 2335 non
1191 2302 1412 2345 penultimam
1447 2303 1557 2336 corri-

66 2377 162 2410 pere.
227 2367 263 2398 ln
291 2363 495 2398 Callimachi
519 2363 645 2404 fragm.
674 2364 746 2396 312
785 2362 885 2396 unice
911 2374 1029 2397 verum
1056 2368 1109 2396 est
1141 2363 1309 2400 ἐπικλινές
1334 2365 1405 2396 ἐστι
1429 2360 1558 2395 τάλαν-

63 2439 139 2468 τον,
165 2431 201 2460 et
226 2428 258 2460 in
284 2425 439 2468 Dionysii
466 2426 542 2458 loco
566 2424 657 2468 apud
683 2423 808 2457 Athon.
836 2424 899 2457 XV
926 2436 958 2468 p.
985 2423 1103 2459 6681‘:
1128 2423 1192 2456 τὸν
1218 2423 1349 2468 αἰθέρα
1375 2419 1438 2455 τὸν
1464 2419 1554 2456 κατὰ

63 2488 195 2530 κλίνην.
258 2472 503 2529 Aristophanis
535 2486 632 2519 locus
668 2484 920 2528 comparandus
954 2495 1030 2518 cnm
1057 2484 1211 2518 eiusdem
1238 2483 1374 2517 fabulae
1401 2494 1449 2516 vs.
1477 2484 1556 2516 732.

64 2546 156 2581 Hinc
186 2546 254 2581 iam
287 2546 413 2588 corrigi
450 2549 611 2590 poterunt
643 2555 731 2588 qnae
764 2544 903 2590 scripsit
937 2556 1045 2589 nuper
1077 2547 1117 2579 1..
1150 2544 1348 2578 Dindorlins
1382 2544 1490 2577 Thes.
1515 2545 1556 2577 L.

67 2607 112 2640 G.
135 2609 181 2641 ιιι
208 2620 241 2651 μ.
272 2607 363 2640 1639
388 2608 432 2640 ι).

687 2726 953 2734 ..———-—-———

125 2859 293 2894 Conioed.
318 2865 388 2896 ant.
1236 2853 1290 2893 18
