1786 3210
224 180 310 220 328
751 175 1157 223 PHEREGRA'HS
1727 0 1766 275 ἲ

156 339 159 347 ¹
229 291 444 331 illustrare
483 288 660 331 instituit
690 287 958 328 Heinrichius
998 287 1041 327 in
1080 287 1187 327 libro
1227 286 1280 327 de
1318 287 1569 340 Epimenide
1594 289 1712 335 Cret.
1763 318 1766 326 ,

236 375 278 415 p.
310 360 395 401 190
424 373 512 413 sqq.
543 363 688 413 postea
719 359 931 398 Iacobsius
971 358 1013 398 in
1044 358 1186 399 Wolfii
1219 358 1336 398 Anal.
1370 358 1410 397 11
1440 372 1483 411 p.
1508 359 1606 408 375,
1646 374 1714 400 re·
1756 352 1766 376 s

237 431 476 472 centissima
506 434 642 470 aetate
672 422 889 469 Hanovius
921 429 1100 468 Exercit.
1133 429 1224 468 crit.
1259 429 1274 468 1
1307 443 1347 481 p.
1365 428 1419 469 37
1449 442 1538 481 sqq.
1596 430 1668 471 Vs.
1688 430 1715 470 4

232 500 280 541 ἐν
310 500 427 540 τοῖσι
457 495 645 554 πρώτοις
721 499 847 552 Fugit
877 498 946 538 hic
974 499 1091 539 locus
1120 499 1375 551 diligentiam
1410 500 1539 539 Reizii
1562 500 1614 540 de
1637 502 1715 541 Ac-

234 576 381 613 centus
419 571 517 611 incl.
550 583 590 622 p.
624 570 693 618 20,
730 570 803 609 ubi
839 582 980 609 veram
1018 569 1142 609 huius
1181 569 1372 610 dictionis
1408 566 1584 611 formam
1624 584 1717 612 esse
1762 562 1768 567 ⁵

230 643 355 683 docet
383 638 430 679 ἐν
461 638 554 686 τοῖς
585 637 769 692 πρῶτος.
828 640 988 680 Eadem
1019 639 1100 679 hoc
1129 639 1222 680 loco
1253 641 1522 690 restituenda,
1553 642 1717 682 sublato

229 716 325 766 post
341 706 528 765 πρώτοις
545 714 772 751 commate.
803 734 858 740 —
891 711 961 752 Vs.
980 710 1007 750 5
1032 711 1116 750 etss
1146 711 1360 751 Hanovius
1389 712 1445 751 ita
1475 712 1719 765 supplebat:

462 777 566 819 ἀλλ’
597 769 678 820 οὖν
708 772 826 834 ὅμως
855 771 983 827 οὗτος
1011 781 1093 833 μὲν
1122 769 1177 829 ἦν
1207 776 1260 829 νὴ
1292 778 1371 820 τὸν
1400 778 1485 821 Δία

398 848 406 853 ”
457 846 664 906 ἀποχρῶν
694 848 806 905 ἀνὴρ
837 847 981 904 ἔμοιγε
1013 848 1121 904 πρὸς
1150 847 1207 890 τὰ
1236 848 1316 890 νῦν
1344 847 1470 893 κακά.

231 923 304 966 Vs.
334 924 362 964 8
399 924 631 964 Brunckius
669 923 723 963 ad
753 923 966 975 Aristoph.
1002 923 1061 962 111
1092 936 1132 974 p.
1166 924 1248 962 170
1278 919 1361 977 γὰρ
1393 936 1468 976 pro
1500 920 1562 963 δέ.
1629 923 1733 964 Ha-v

233 994 379 1034 novius
420 991 467 1032 δέ
497 989 555 1045 γ’,
597 1006 771 1046 quarum
810 993 1106 1045 particularum
1147 993 1356 1045 copulatio
1398 994 1478 1034 hoc
1518 994 1611 1034 loco
1651 975 1766 1034 vix.

235 1064 335 1105 satis
371 1068 468 1117 apta
507 1064 753 1117 est.1pse
792 1064 890 1105 olim
928 1058 1145 1112 Κινησίας
1187 1059 1236 1101 δ’
1266 1058 1290 1102 ὁ
1325 1061 1419 1116 τρὶς
1457 1059 1719 1117 κατάρατος.

235 1135 378 1175 Possis
410 1136 535 1174 etiam
560 1129 781 1182 Κινησίας
811 1130 861 1171 δ’
882 1129 906 1172 ὁ
939 1128 1282 1188 λακκατάρατος.
1315 1134 1546 1188 Photiusp.
1563 1136 1648 1175 303
1676 1135 1719 1176 5.

235 1199 600 1259 Λακκατάρατοιε
643 1203 688 1244 οἱ
717 1199 832 1256 ἄγαν
860 1199 1116 1258 κατάρατοι.
1175 1203 1250 1242 καὶ
1282 1200 1654 1257 λακκαταπύγων,
1694 1200 1718 1244 ὁ

236 1270 352 1327 ἄγαν
380 1270 661 1326 καταπύγων.
709 1277 826 1326 Quae
855 1275 1035 1315 sortasse
1065 1274 1222 1314 rectius
1253 1275 1491 1316 scribuntur
1519 1273 1722 1316 λακατά-
1785 1298 1786 1311 2

236 1359 369 1401 ρατος
402 1350 443 1385 et
473 1340 813 1398 λακαταπύγων.
858 1347 943 1386 Sed
973 1331 1112 1386 malim
1142 1358 1252 1386 nunc
1276 1342 1493 1397 Κινησίας
1522 1344 1571 1387 δέ
1596 1343 1654 1402 μ’
1681 1342 1721 1398 ὅ,
1785 1333 1786 1342 ³

238 1418 487 1472 pronomine
499 1430 537 1458 v·
555 1419 608 1458 10
627 1418 819 1471 repetito.
849 1418 901 1459 V.
921 1418 971 1457 ad
987 1417 1207 1458 Menandr.
1224 1431 1265 1471 p.
1281 1418 1350 1459 50.
1382 1420 1566 1460 Atticum
1581 1426 1720 1461 autem

205 1499 212 1506 ’
239 1489 341 1529 dixit
371 1489 592 1538 Cinesiam,
622 1501 705 1529 non
735 1492 781 1529 ut
809 1488 922 1529 hunc
952 1488 1162 1529 Cinesiam
1192 1489 1244 1528 ab
1273 1490 1354 1529 alio
1385 1490 1566 1540 Cinesia‚
1596 1504 1720 1543 quem

239 1560 489 1601 Thebanum
520 1572 613 1600 esse
638 1559 794 1607 volunt,
827 1559 1113 1612 distingueret,
1145 1571 1251 1611 quae
1269 1560 1448 1600 Hanovii
1478 1561 1527 1611 (l.
1546 1561 1574 1602 l.
1590 1574 1631 1614 p.
1644 1561 1722 1613 48)

238 1630 320 1670 fuit
350 1630 570 1679 sententia,
600 1630 674 1669 sed
706 1634 752 1669 ut
782 1629 991 1670 Cinesiam
1022 1631 1193 1682 reliquis
1224 1632 1380 1683 poetis,
1411 1632 1723 1685 Melanippidae

242 1700 447 1754 Phrynidi
479 1705 521 1741 et
547 1693 783 1749 Tiinoffleo,
815 1713 971 1753 genere
1001 1702 1247 1754 peregrinis,
1279 1706 1523 1754 opponeret.
1583 1704 1724 1744 Unum

240 1776 401 1812 tantum
441 1771 574 1812 fuisso
604 1772 811 1814 Cinesiam
856 1772 985 1824 lyrica
1023 1778 1112 1811 arte
1151 1773 1307 1812 clarum
1338 1773 1461 1813 docui
1492 1773 1601 1814 Hist.
1631 1775 1723 1816 crit.

240 1855 283 1895 p.
313 1843 413 1882 229.
460 1866 517 1872 —
562 1843 631 1884 Vs.
664 1843 719 1895 10
758 1843 973 1887 Hanovius
1003 1856 1086 1882 non
1116 1843 1206 1883 sine
1235 1843 1384 1883 idonea
1414 1857 1557 1885 caussa
1586 1836 1724 1893 οὕτως

240 1908 299 1965 μ’
329 1907 591 1965 ἀπολώλεχ’,
630 1924 876 1965 quamquam
914 1913 949 1952 si
985 1926 1044 1953 vs.
1074 1915 1103 1954 8
1141 1919 1257 1953 recte
1288 1927 1516 1966 pronomen
1553 1915 1725 1965 inserui,

242 1983 380 2023 lenius
410 1983 596 2035 corrigas
627 1979 873 2035 ἀπολώλεχ’
908 1974 1060 2030 οὕτως.
1118 1985 1319 2025 Eiusdem
1350 1985 1456 2024 haec
1486 1989 1549 2025 est
1578 1986 1629 2025 ad
1658 1989 1723 2026 to-

242 2057 331 2095 tum
349 2053 474 2097 „hunc
506 2054 558 2092 de
576 2054 747 2094 Cinesia‘
773 2056 911 2094 locum
942 2056 1166 2094 annotatio.
1198 2055 1500 2104 „Versionibus
1530 2055 1722 2108 stropha-

241 2137 335 2165 rum
375 2119 649 2177 ἐξαρμονίοις
686 2125 888 2165 declarari
926 2125 1105 2165 arbitror
1135 2125 1396 2165 saltationem
1427 2125 1546 2165 chori
1586 2126 1722 2181 cyclii,

243 2209 327 2236 non
357 2199 657 2248 congruentem
688 2196 800 2236 illam
833 2209 967 2247 neque
998 2208 1091 2235 cum
1123 2196 1246 2235 modo
1278 2196 1471 2235 tibiarum
1511 2196 1578 2236 vel
1607 2197 1724 2249 lyrae

240 2279 383 2319 -nequo
412 2279 504 2306 cum
537 2272 675 2307 cantu.
736 2268 881 2319 ltaque
910 2266 1066 2306 factum
1096 2266 1261 2306 videtur
1289 2266 1332 2306 in
1363 2267 1556 2307 Cinesiae
1586 2267 1724 2320 dithy-

244 2338 420 2387 rambis,
450 2341 497 2378 ut
527 2338 681 2378 chorus
712 2339 923 2378 versiones
953 2338 1135 2386 faceret,
1175 2327 1395 2390 antequam
1425 2327 1536 2378 tibiis
1565 2338 1724 2390 signifi-

245 2416 459 2457 carentur3
501 2422 630 2460 quaro
667 2410 737 2449 ubi
776 2410 1007 2450 secundum
1039 2409 1218 2449 musices
1247 2410 1450 2448 rationem
1478 2409 1622 2448 dextra
1651 2409 1722 2448 de-

246 2482 368 2520 bebat
400 2486 518 2532 parte
548 2480 701 2519 chorus
733 2481 959 2519 collocatus
991 2493 1096 2528 esse,
1127 2480 1293 2519 sinistra
1322 2481 1652 2532 conspiciebatur
1681 2485 1724 2520 et

245 2552 435 2593 invicem.
496 2554 632 2604 Atque
663 2552 767 2590 haec
796 2552 960 2602 quidem
994 2550 1212 2602 explicatio
1246 2556 1330 2589 tum
1361 2550 1721 2607 schoLRanarum

248 2621 346 2672 158,
376 2625 443 2674 qui
476 2624 528 2663 de
560 2623 724 2663 Cinesia
755 2623 834 2662 sic:
865 2619 912 2659 ἐν
942 2621 1031 2667 τοῖς
1057 2618 1373 2676 χοροῖςπολλῇ
1401 2615 1568 2669 κινήσει
1598 2617 1723 2673 ἐχρή-

248 2705 381 2742 σατο,
411 2698 497 2733 tum
529 2694 836 2747 comparatione
866 2694 1133 2733 confirmatur
1161 2692 1313 2740 iocosa,
1338 2703 1417 2743 qua
1435 2691 1722 2732 Pherecrates

249 2765 391 2815 utitur,
423 2765 522 2806 hac:
562 2761 772 2820 zafficimp
801 2763 848 2804 ἐν
878 2763 973 2813 ταῖς
1003 2757 1189 2803 ἀσπίσιν
1219 2758 1414 2817 ἀριστέρ’
1445 2759 1582 2802 αὐτοῦ
1613 2758 1725 2816 φαί-
