1786 3210
662 169 871 215 wJAOJ.
1444 176 1530 218 533

756 285 830 327 lll.

472 371 583 420 Χῖος
613 365 836 421 δεσπότην
863 363 1084 419 ω’νὴσατο.

154 455 395 498 Athenaeus
424 457 482 500 Vl
514 472 554 511 p.
584 458 668 498 266
684 456 714 498 f.
754 457 973 498 Nicolaum
1013 462 1057 498 et
1089 457 1358 498 Posidonium
1398 460 1525 498 tradi-

42 523 154 566 disse
184 526 284 567 dicit
314 528 467 577 Chios,
498 528 654 581 primos
684 529 868 569 omnium
900 528 1134 568 mortalium
1166 528 1382 580 mancipiis
1414 541 1524 578 usos,

43 609 67 636 a
89 597 333 639 Mithridate
356 602 611 652 expugnatos
634 599 803 651 suisque
833 599 1018 652 ipsorum
1038 599 1169 639 servis
1200 612 1294 640 esse
1323 599 1522 639 traditos:

41 659 180 716 οὕτως
216 665 364 718 αὐτοῖς
400 667 586 719 άληθῶς
625 665 675 709 τὸ
709 667 943 724 δαιμόνιον
980 664 1158 722 ἐμήνισε
1196 666 1384 724 πρώτοις
1418 683 1526 723 χρη-

41 738 251 793 σαμένοις
277 735 462 791 ω’νητοῖς
491 735 805 795 ἀνδραπόδοις,
836 739 924 780 τῶν
953 738 1128 780 πολλῶν
1144 741 1408 790 (Erfurdtius
1439 754 1522 781 πο·

40 807 192 864 λιτῶν)
220 805 477 866 αὐτουργῶν
502 807 648 853 ὄντων
677 808 791 852 κατά
821 808 900 860 τὰς
943 809 1187 860 διακονίας.
1243 807 1413 864 μήποτ’
1444 801 1526 852 οὗν

41 877 118 922 διά
152 879 295 923 ταῦτα
332 882 409 923 καὶ
449 878 476 933 ἡ
516 879 737 939 παροιμία
780 882 923 933 ,,Χῑός
961 879 1183 933 δεσπότην
1210 878 1456 932 ω’νὴσατο,”
1495 872 1527 941 ᾗ

39 952 244 1008 κέχρηται
272 948 467 1003 Εὔπολις
496 952 543 994 ἐν
577 952 747 1004 Φίλοις.
815 957 879 996 Ex
912 956 1129 997 Athenaeo
1159 954 1339 1008 profecit
1371 956 1523 996 Eusta-

39 1024 151 1066 thius
180 1026 232 1066 ad
265 1027 343 1067 Od.
372 1040 415 1080 p.
447 1027 557 1068 1462
587 1028 655 1068 36.
728 1026 774 1068 Si
814 1029 930 1067 recte
959 1026 1171 1080 proverbii
1212 1027 1415 1080 originem
1452 1040 1523 1068 ex-

37 1095 183 1151 plicuit
214 1097 472 1147 Athenaeus,
505 1098 690 1152 Eupolin
722 1110 773 1139 eo
804 1098 866 1138 uti
897 1110 979 1138 non
1010 1097 1196 1150 potuisse
1225 1102 1415 1150 apertum
1446 1103 1523 1140 est.

37 1166 210 1208 Accedit
240 1167 354 1221 quod
383 1169 563 1210 aoristus
591 1163 821 1218 ὠνήσατο,
860 1167 978 1208 cuius
1016 1180 1099 1208 non
1142 1167 1255 1208 aliud
1286 1168 1522 1221 exemplum

35 1237 148 1291 apud
175 1239 336 1280 Atticos
365 1240 542 1293 reperiri
572 1239 807 1280 observavit
837 1239 1071 1280 Lobeckius
1100 1238 1153 1279 ad
1183 1238 1341 1291 Phryn.
1365 1252 1405 1291 p.
1424 1240 1520 1289 128,

35 1308 236 1350 seriorem
263 1309 454 1351 dictionis
484 1311 688 1365 originem
717 1309 898 1365 prodere
929 1309 1109 1350 videtur.
1167 1310 1364 1350 Fortasse
1394 1311 1522 1363 igitur

35 1379 116 1421 alio
133 1381 368 1434 proverbio,
384 1395 408 1423 a
423 1382 622 1423 Chiorum
641 1382 806 1423 civitate
822 1380 968 1434 petito,
990 1392 1089 1422 usus
1110 1384 1174 1420 est
1188 1380 1378 1434 Eupolis,
1408 1381 1522 1422 velut

35 1464 87 1492 eo
118 1452 230 1505 quod
260 1452 415 1506 passim
450 1458 813 1502 commemoratur,
854 1447 982 1508 Κῷος
1022 1447 1254 1505 παραστὰς
1291 1451 1409 1491 Χῖον
1443 1447 1521 1492 οὐκ

33 1518 89 1579 ἐᾷ
125 1520 293 1576 λέγειν,
332 1524 444 1576 quod
474 1525 718 1566 Athenaeus
758 1536 853 1565 cum
894 1523 968 1564 illo
1006 1523 1260 1564 confuderit.
1326 1523 1398 1564 Sin
1440 1523 1520 1564 alia

32 1595 243 1650 proverbii
273 1594 392 1649 origo
424 1595 503 1636 fuit
533 1599 576 1637 et
604 1595 780 1649 Eupolis
811 1607 859 1635 re
891 1606 995 1636 vera
1025 1607 1077 1635 eo
1108 1606 1210 1635 usus
1241 1597 1317 1644 est,
1348 1595 1408 1634 sic
1436 1599 1519 1634 sta-

34 1666 234 1708 tuendum
271 1666 457 1718 videtur,
494 1667 676 1708 ionicam
716 1666 830 1707 illam
870 1665 1001 1706 fuisse
1039 1667 1313 1719 paroemiam,
1355 1666 1397 1707 in
1438 1678 1519 1720 qua

35 1736 216 1779 aoristus
244 1731 449 1787 ω’νήσατο
479 1738 544 1779 vix
574 1737 796 1780 offensioni
826 1749 920 1779 esse
950 1736 1099 1791 potuit.

96 1930 186 1976 Οὒκ
213 1930 543 1991 ἐσωφρόνησας,
571 1923 606 1976 ὦ
638 1934 881 1993 πρεσβῦτα,
911 1933 994 1987 τήν
1020 1930 1298 1977 κατάστασιν

88 2018 220 2072 τήνδε
248 2016 493 2076 λαμβάνων
522 2017 652 2078 ἄφνω
683 2022 789 2079 πρὶν
818 2020 893 2064 καὶ
922 2021 1095 2077 μαθεῖν
1126 2018 1208 2072 τήν
1238 2015 1437 2071 ἱππικήν.

142 2135 419 2190 Harpocratlo
450 2150 492 2191 p.
524 2137 606 2178 1⁰7
636 2138 687 2179 82
724 2132 863 2178 ἔοικεν
891 2132 946 2189 (ἡ
977 2131 1278 2188 κατάστασις)
1307 2128 1514 2188 ἀργύριον

31 2193 146 2245 εἶναι
173 2197 282 2260 ὅπερ
308 2204 352 2247 οὶ
380 2206 742 2256 κατασταθέντες
772 2206 917 2257 ἱππεῖς
959 2203 1214 2262 ἐλάμβανον
1252 2203 1297 2245 ἐκ
1326 2202 1406 2244 τοῦ
1433 2202 1512 2253 δη-

30 2272 193 2330 μοσίου
228 2274 301 2316 ἐπὶ
340 2274 393 2334 τῇ
422 2273 714 2327 καταστάσει,
749 2270 897 2333 ὥσπερ
927 2275 1062 2327 αὐτὸς
1090 2274 1114 2317 ὁ
1145 2271 1289 2334 ῥήτωρ
1330 2275 1509 2329 (Lysias

31 2361 108 2403 pro
139 2348 335 2389 Mantith.
366 2347 389 2402 §
420 2348 477 2400 6)
514 2345 561 2388 ἐν
595 2349 686 2398 τοῖς
716 2345 812 2401 ἑξῆς
840 2345 1150 2402 ὑποσημαίνει.
1210 2341 1510 2400 παρεμφαίνει

29 2416 161 2459 τοῦτο
190 2416 266 2459 καὶ
294 2413 488 2467 Εὔπολις
521 2416 676 2468 Φίλοις
723 2415 811 2460 Οὐκ
840 2416 1155 2475 ε’σωᾳρόνησας
1183 2416 1274 2459 κτλ.
1342 2418 1506 2458 Omisso

28 2490 196 2532 fabulae
227 2492 392 2532 nomine
421 2492 556 2533 locum
588 2493 815 2533 attulerunt
850 2493 1020 2533 Photius
1053 2497 1095 2532 et
1123 2491 1271 2532 Suitlas
1304 2503 1340 2529 v.
1372 2481 1507 2527 κατά-

29 2573 198 2610 στασις.
272 2562 334 2603 De
376 2556 648 2603 καταστάσει
694 2565 878 2616 equitum
923 2564 1016 2604 vide
1055 2562 1308 2603 Boeckhium
1348 2561 1504 2600 Oecon.

29 2631 182 2678 Athen.
213 2634 252 2675 11
282 2647 324 2689 p.
355 2635 453 2677 208.
512 2635 659 2676 Latine
687 2635 870 2678 reddidit
899 2636 1068 2676 Grotius
1100 2631 1316 2684 Excerptis
1340 2630 1502 2684 p.505:

38 2735 44 2738 -
87 2702 177 2752 9⁰12
205 2717 345 2756 unat,
369 2720 524 2761 parum
552 2707 751 2760 sapuisti,
781 2709 854 2762 qui
882 2713 972 2747 tum
1002 2707 1088 2745 cito
1117 2702 1377 2757 stipendium

90 2774 166 2816 hoc
197 2781 385 2832 equestre
413 2779 617 2830 sumsisti,
641 2779 890 2834 priusquam
922 2778 1114 2833 equitare
1145 2774 1370 2816 didiceras.
