1786 3210
217 153 245 192 8
655 144 948 189 cmoNlms
979 137 1256 183 ΠΤΩΧΟΙ.

217 260 341 320 ρι’χει,
368 256 428 311 ὥς
458 256 596 316 ξίφει·
623 255 734 301 Ἐπὶ
763 256 823 316 τῷ
851 253 1019 313 ταρίχει
1046 254 1139 299 κτλ.
1201 256 1390 298 Primum
1420 269 1587 299 versum
1617 271 1707 299 ser-

218 336 330 376 vavit
357 335 483 376 etium
516 332 779 385 Nicephorus
795 332 972 384 Gregor.
997 335 1101 372 sect.
1119 329 1174 369 39
1206 330 1249 368 et
1278 326 1582 371 Grammaticus
1599 332 1710 372 Her-

167 424 169 426 ’
220 407 360 448 manni
391 419 432 459 p.
463 405 571 444 324:
603 401 646 441 οἱ
681 397 886 442 Ἀττικοὶ
916 397 1155 455 οὐδετέρως
1179 397 1231 438 τὸ
1261 394 1435 453 τάριχος
1466 400 1714 457 προᾳ.«,-·’ρου-ἶ

223 490 308 528 σιν,
338 473 396 525 ὥς
426 474 501 516 καὶ
527 468 743 521 Χιονίδης
775 470 916 526 φησίν
937 461 1054 526 3AQ’
1086 467 1143 510 ἂν
1173 465 1358 525 φάγοιτε
1390 470 1493 523 (sic)
1523 472 1600 512 καὶ
1630 483 1715 514 τα-

225 546 394 604 ρίχους,
431 535 465 585 ὦ
496 540 616 585 θεοί.
692 546 764 586 Vs.
797 546 818 584 l
865 540 1071 598 ταρίχους
1111 543 1339 596 genitivum
1372 555 1465 582 esse
1496 556 1636 585 casum
1667 560 1716 588 ae
1785 579 1786 604 ἢ

226 635 310 663 non
339 620 479 674 potius
510 617 803 664 accusativum,
827 617 1071 657 Athenaeus
1103 627 1154 654 ex
1184 614 1317 654 altero
1350 626 1487 663 versu,
1518 616 1718 670 quiprio-

227 706 316 733 rem
348 703 428 731 non
461 688 566 728 adeo
597 688 722 739 longo
755 687 979 728 intervallo
1011 690 1215 738 sequutus
1247 698 1341 725 esse
1370 686 1559 737 videtur,
1591 689 1720 730 eolle-

228 767 361 816 gerat.
421 760 571 810 Neque
610 759 722 798 enim
769 757 945 798 multum
989 757 1149 796 moveri
1195 768 1262 795 me
1300 755 1438 795 fateor
1467 761 1727 810 argumentis,

230 833 379 886 quibus
420 829 677 871 Fritzschius
719 829 894 869 Dissert.
945 828 997 867 de
1037 826 1327 879 Aristophanis
1366 828 1527 869 Daetal.
1565 842 1606 882 p.
1639 831 1723 872 109

231 905 409 945 alterum
450 902 569 940 illum
608 914 775 941 versum
805 899 1078 953 Aristophani
1108 899 1322 939 vindicare
1353 905 1526 939 conatus
1558 905 1636 942 est.
1668 928 1725 936 --

232 977 304 1018 Vs.
336 976 361 1014 2
394 968 544 1012 τοίνυν
573 970 680 1027 τῷδε
713 972 760 1013 G.
823 971 981 1011 Ibidem
1012 965 1226 1010 κόπτετον
1256 972 1343 1011 Ac,
1383 969 1570 1010 κοπτέον
1601 973 1724 1015 PVL.

234 1046 342 1087 Illud
382 1044 563 1098 praetuli
600 1048 773 1097 propter
812 1043 1103 1083 auctoritatem
1144 1041 1323 1091 Veneti,
1372 1042 1551 1084 alterum
1587 1047 1727 1088 tamen

236 1130 312 1158 cur
351 1116 504 1156 falsum
545 1120 587 1155 et
624 1115 815 1168 ineptum
854 1114 1016 1154 dicatur
1058 1126 1140 1153 non
1180 1112 1402 1167 perspicio.
1464 1115 1557 1166 Quo
1587 1121 1729 1158 autem

236 1201 361 1230 sensu
392 1187 496 1227 illud
526 1180 738 1226 κόπτετον
776 1186 819 1228 h.
851 1186 880 1227 Ι.
919 1184 1101 1238 positum
1133 1185 1186 1225 sit
1216 1190 1332 1225 certo
1364 1185 1530 1227 definiri
1562 1189 1729 1241 nequit;

238 1260 379 1301 inesse
408 1259 574 1299 videtur
600 1259 718 1299 iocus
736 1252 859 1312 παρὰ
876 1251 1151 1311 προσδοκίαν
1181 1269 1257 1309 pro
1286 1250 1518 1305 κάπτετον,
1547 1259 1628 1299 nisi
1658 1265 1731 1302 aut

238 1332 281 1372 id
298 1332 431 1385 ipsum
448 1331 615 1383 scripsit
627 1335 765 1383 poeta,
796 1334 866 1370 aut
895 1323 1075 1368 κόπτειν
1089 1327 1245 1381 pariter
1276 1341 1325 1368 ne
1345 1323 1494 1367 παίειν
1511 1332 1620 1383 apud
1637 1333 1732 1378 Afi-

241 1402 490 1455 stophanem
522 1400 804 1442 Acharn.835
836 1403 880 1440 et
909 1395 1093 1438 σποδεῖν
1123 1399 1234 1452 apud
1265 1400 1559 1442 Pherecratem
1577 1402 1732 1446 Athen.

244 1473 306 1515 111
338 1486 380 1526 p.
413 1473 493 1512 111
513 1472 538 1512 b
581 1477 624 1513 et
653 1471 869 1524 Aristoph.
902 1471 999 1511 Pac.
1033 1470 1159 1520 1306,
1197 1471 1369 1513 vorandi
1408 1472 1474 1513 vel
1513 1473 1634 1515 avide
1664 1488 1736 1517 oo-

245 1544 442 1586 medendi
473 1544 822 1596 significationem
854 1543 992 1583 habet.
1033 1542 1342 1583 Substantivum
1373 1541 1557 1591 κοπετὸς
1587 1547 1736 1589 eodem

245 1628 372 1657 sensu
402 1615 542 1669 posuit
561 1615 736 1669 Eupolis
754 1614 920 1656 Adulat.
949 1613 1099 1667 fragm.
1116 1612 1233 1654 X111.
1267 1614 1477 1668 Quidquid
1509 1622 1586 1667 est,
1616 1631 1740 1672 prae·
1780 1663 1786 1667 ⁴

254 1687 408 1741 positio
439 1684 513 1727 ἐπὶ
544 1687 719 1727 eandem
751 1686 822 1726 liic
851 1685 933 1726 vim
963 1685 1121 1724 habere
1143 1684 1308 1726 videtur
1322 1698 1445 1738 quam
1475 1688 1602 1729 habet
1630 1691 1742 1744 apud

252 1758 468 1811 Aristoph.
502 1757 613 1799 Plut.
645 1758 750 1797 628:
790 1753 1165 1810 μεμιστυλημένοι
1201 1753 1208 1810 Ι
1241 1750 1399 1811 ἄνδρες
1437 1757 1635 1813 γέροντες
1671 1758 1746 1802 ἐπ’

251 1824 491 1881 ὀλιγίστοις
518 1823 739 1881 ἀλγίτοις,
770 1834 813 1869 et
842 1829 1011 1882 Fragm.
1043 1827 1125 1869 inc.
1156 1827 1241 1869 fab.
1272 1828 1359 1870 528
1387 1827 1459 1870 ἐπὶ
1489 1829 1550 1889 τῷ
1577 1829 1746 1889 ταρίχει

252 1896 334 1941 τὸν
360 1897 529 1954 γέλωτα
559 1896 818 1953 κατέδομαι.
955 1940 961 1944 ς

973 1952 1047 1997 lv.

372 2042 614 2085 Athenaeus
646 2043 703 2086 IV
734 2055 776 2096 p.
808 2041 891 2081 137
909 2053 952 2081 e:
991 2036 1015 2080 ὁ
1053 2037 1100 2079 δὲ
1141 2035 1244 2089 τοὺς
1279 2034 1341 2090 εἰς
1371 2038 1603 2095 Χιωνίδην
1631 2041 1747 2087 ἀνα-

257 2113 528 2169 φερομένους
544 2109 761 2168 Πτωχοὺς
780 2107 973 2161 ποιήσας
995 2107 1097 2159 τοὺς
1123 2105 1412 2163 Ἀθηναίους
1426 2112 1580 2170 φησίν,
1611 2109 1749 2160 ὅταν

258 2180 635 2239 Διοσκούροις
681 2182 735 2224 ἐν
772 2178 1112 2239 Πρυτανείῳ
1150 2178 1388 2238 ἄριστον
1423 2187 1750 2241 προτιθῶν-

259 2269 375 2306 ται,
423 2254 657 2298 ἐπὶτῶν
693 2252 977 2311 τραπεζῶν
1014 2253 1254 2295 τιθέναι
1291 2252 1470 2311 τυρὸν
1507 2258 1607 2300 καὶ
1643 2274 1751 2315 ‹pv-

261 2324 399 2378 στὴν
443 2326 743 2382 δρυπεπεῖς
788 2322 830 2365 τ’
877 2321 1046 2373 ἐλάας
1087 2325 1180 2366 καὶ
1224 2322 1436 2382 πράσα,
1494 2325 1752 2384 ὑπόμνησιν

262 2399 553 2453 ποιουμένους
592 2396 670 2447 τῆς
708 2393 897 2452 ἀρχαίας
934 2393 1119 2450 ἀγωγῆς.
1188 2400 1374 2441 Metram
1403 2402 1595 2454 primitus
1621 2404 1755 2447 fuisse

263 2470 429 2510 videtur
459 2469 781 2522 ampaesficum,
812 2468 930 2508 euius
959 2468 1072 2508 haud
1104 2469 1279 2509 obscura
1310 2478 1535 2523 supersunt
1564 2477 1754 2529 vestigia.

267 2540 351 2580 Pro
393 2538 626 2593 δρυπεπεῖς
655 2539 819 2580 solenni
848 2539 1048 2579 varietate
1076 2540 1146 2579 BP
1177 2540 1333 2580 habent
1363 2539 1599 2595 δρυπετεῖς.
1666 2549 1758 2589 Neo

266 2611 402 2651 minus
432 2618 627 2652 accentus
664 2611 709 2651 in
721 2607 821 2650 xhae
849 2622 954 2649 voce
992 2610 1190 2660 fluctuat,
1222 2612 1340 2652 cuius
1372 2612 1426 2653 de
1455 2616 1579 2657 variis
1610 2617 1758 2661 formis

266 2681 362 2723 vide
392 2694 496 2735 quos
527 2681 651 2722 affert
682 2681 732 2722 Ο.
768 2680 1001 2722 Muellerus
1030 2682 1178 2735 Aegin.
1206 2697 1247 2737 p.
1266 2684 1392 2726 187d
1422 2688 1465 2725 et
1498 2685 1760 2729 Dindorfium

270 2751 493 2794 Thesauro
536 2751 585 2793 L.
623 2750 696 2793 Gr.
747 2750 828 2792 vol.
868 2750 908 2791 H
961 2765 1003 2806 p.
1045 2752 1171 2795 1695.
1251 2755 1533 2809 Exquisitioro
1587 2759 1761 2813 protulit
