1786 3210
495 197 762 242 FABULAE
795 197 1101 243 lNossRTAE.
1455 198 1542 243 558

775 312 828 354 X.

146 401 283 446 Μισαῖ
313 398 365 443 δ’
392 399 470 457 ἐγώ
502 401 580 444 καὶ
607 397 863 458 Σωκράτην,
894 398 975 442 τὸν
1005 397 1181 455 πτωχὸν
1211 395 1466 456 ἀδολέσχην,

144 484 193 539 ὃς
220 485 360 530 τᾶλλα
390 490 470 543 μὲν
498 483 803 544 πεφρόντικεν,
828 489 836 495 ’

141 571 316 616 ὁπόθεν
345 572 391 616 δὲ
420 572 696 629 καταφαγεῖν
725 568 816 627 ἔχοι
845 567 1006 613 τούτου
1035 569 1346 626 κατημέληκεν.

170 688 494 744 Olympiodorus
537 689 590 730 ad
631 688 815 729 Platonis
846 686 1004 728 Phaed.
1036 700 1075 739 p.
1107 684 1162 726 65
1204 685 1360 727 Heind.
1399 681 1424 726 ὁ
1453 681 1539 743 γάρ

56 754 251 809 Εὔπολίς
277 771 391 815 φησι
429 758 526 813 περὶ
567 756 645 798 τοῦ
673 753 958 813 Σωκράτους·
1008 753 1063 797 Τί
1103 754 1219 806 δῆτα
1260 755 1424 797 ἐκεῖνον
1460 755 1541 798 τὸν

63 826 309 886 ἀδολέσχην
337 830 414 872 καὶ
443 823 638 883 πτωχόν,
668 824 717 878 ὃς
746 824 885 869 τᾶλλα
915 829 996 882 μὲν
1026 823 1336 882 πεφρόντικεν,
1365 817 1558 870 ὁπόθεν

61 901 340 959 καταφαγεῖν
364 898 467 956 ἔχοι,
497 896 658 942 τούτου
680 898 727 940 δὲ
756 898 1042 951 κατημέληκε.
1102 900 1306 941 Proculus
1323 900 1399 941 MS
1429 901 1541 954 apud

59 974 358 1016 Ruhnkenium
396 974 448 1014 nd
485 973 679 1027 Xenoph.
719 973 899 1014 Memor.
932 972 949 1012 1
985 973 1013 1012 2
1048 972 1130 1012 31:
1169 967 1306 1011 αὐτὸν
1342 972 1424 1024 μὲν
1461 968 1542 1011 τὸν

53 1039 298 1100 Σωκράτην
334 1040 508 1097 πτωχὸν
537 1039 780 1097 άὸολέσχην
816 1037 1070 1083 καλούντων
1099 1039 1188 1082 τῶν
1213 1039 1540 1098 κωμῳδοποιῶν

53 1113 130 1156 καὶ
158 1111 262 1163 τοὺς
288 1109 447 1162 ἄλλους
478 1111 524 1154 δὲ
563 1109 915 1164 ἁπαξάπαντας,
953 1112 1030 1153 καὶ
1067 1109 1170 1160 τούς
1211 1107 1542 1166 ὑποδυομένους

55 1174 172 1226 εἶναι
212 1181 509 1233 διαλεκτικοὺς
550 1179 762 1232 ὡσαύτως
806 1178 1135 1237 ὀνομαζόντων·
1185 1182 1323 1224 Macra?
1368 1181 1415 1224 δὲ
1463 1183 1541 1225 καὶ

57 1251 300 1312 Σωκράτην
337 1253 416 1296 τὸν
452 1252 627 1310 πτωχὸν
664 1251 922 1309 ἀδολέσχην.
998 1255 1182 1307 Etymol.
1223 1257 1284 1297 M.
1322 1269 1364 1309 p.
1396 1257 1451 1296 18
1489 1257 1540 1297 9:

56 1322 299 1382 Σωκράτην
341 1323 518 1381 πτωχὸν
558 1322 803 1381 ἀδολέσχην
849 1321 935 1380 ἔφη
982 1320 1191 1373 Εὔπολις.
1260 1327 1393 1368 Attuli
1433 1327 1540 1369 haec

56 1467 110 1512 V.
142 1469 372 1523 Reisigfnm
404 1468 544 1510 Praef.
575 1469 792 1523 Aristoph.
822 1469 932 1510 Nub.
963 1481 1004 1521 p.
1017 1468 1198 1510 XXVIII
1229 1473 1271 1509 et
1304 1470 1542 1512 Dobrnenm

55 1538 111 1581 nd
138 1539 351 1594 Aristoph.
383 1540 493 1580 Plut.
522 1540 620 1581 361.
692 1541 788 1594 lpse
826 1541 1113 1580 Hel-mannum
1151 1540 1203 1579 ad
1243 1540 1375 1580 schol.
1413 1541 1541 1582 Arist.

58 1609 171 1653 Nub.
201 1610 286 1651 86⁰
325 1615 526 1664 sequutus
564 1623 677 1663 sum,
717 1611 798 1652 nisi
836 1610 948 1663 quod
982 1610 1018 1651 is
1055 1623 1116 1652 vs.
1147 1611 1174 1650 2
1213 1610 1387 1651 lacunae
1423 1610 1542 1662 signa

60 1681 215 1735 potuit.
282 1682 338 1723 At
373 1686 491 1722 recte
529 1681 751 1723 dimetrum
781 1681 1035 1722 tetrametris
1065 1681 1342 1722 intermisceri
1371 1681 1540 1722 intelle·

59 1757 211 1793 xerunt
247 1751 503 1794 Fritzschins
543 1754 713 1805 Quaest.
755 1752 968 1806 Aristoph.
1006 1753 1024 1793 1
1063 1766 1103 1806 p.
1135 1752 1220 1793 224
1259 1757 1302 1792 et
1338 1752 1541 1806 Bergkiufl

63 1822 297 1865 comment.
328 1837 368 1876 p.
384 1823 482 1865 358:
542 1825 678 1867 Versu
708 1825 844 1878 primo
874 1829 1049 1878 propter
1079 1823 1423 1878 olympiodorum
1453 1823 1543 1865 for-

61 1898 171 1935 tasse
199 1894 483 1935 scribendum:

223 1961 342 2017 μισῶ
369 1977 415 2017 γε
448 1958 550 2013 δῆτ’
582 1961 765 2004 ἐκεινονὶ
794 1960 874 2004 τὸν
905 1962 1081 2018 πτωχὸν
1110 1959 1369 2018 ἀδολέσχην,

59 2035 129 2077 vel
164 2032 284 2089 μισῶ
316 2049 364 2089 γε
393 2033 449 2086 δή
477 2030 708 2076 κάκεινονὶ.
764 2036 948 2077 Socratis
986 2049 1137 2078 nomen
1176 2035 1287 2091 apud
1318 2035 1543 2078 Proculum

67 2117 119 2147 ex
146 2106 495 2162 interpretatione
524 2112 662 2149 ortum
692 2107 824 2149 videri
854 2113 1006 2163 potest.

286 2322 572 2382 Ἀδολεσχεῖν
601 2324 736 2369 αὐτὸν
764 2324 1008 2379 ἐκδίδαξον,
1037 2316 1071 2367 ὦ
1103 2322 1312 2380 σοφιστά.

176 2441 361 2495 Etymol.
392 2441 453 2483 M.
483 2455 525 2496 p.
557 2442 611 2483 18
652 2442 727 2482 lo:
766 2436 837 2481 διὸ
874 2438 950 2481 καὶ
987 2436 1229 2494 α’δολέσχας
1268 2433 1370 2488 τούς
1410 2450 1543 2494 φυσι-

62 2506 166 2559 κοὺς
194 2507 389 2562 ἐκάλουν,
422 2510 534 2565 λέγει
563 2507 610 2551 ‹5'
643 2508 834 2568 Ὠρίων·
863 2510 941 2552 καὶ
962 2507 1206 2566 Σωκράτην
1235 2505 1408 2564 πτωχὸν
1435 2505 1544 2549 άδο-

65 2578 223 2637 λέσχην
251 2579 338 2638 ἔφη
367 2578 583 2632 Εὔπολις·
621 2582 697 2624 καὶ
724 2581 772 2623 ἐν
800 2578 950 2631 ἄλλοις
976 2578 1257 2635 ’.Αδολεσχεῖν
1286 2576 1423 2620 αὐτὸν
1451 2577 1544 2621 κτλ.

67 2652 153 2694 Aut
188 2653 231 2695 tn
267 2655 352 2695 fine
391 2654 628 2695 addendum
657 2649 736 2706 σύ,
778 2661 850 2697 aut
878 2654 996 2696 initio
1027 2649 1139 2692 ἀλλὰ
1169 2654 1233 2694 vel
1264 2653 1401 2695 simile
1429 2653 1542 2706 quid.

68 2720 182 2764 Mire
222 2724 478 2767 Fata-chius
517 2727 684 2778 quaest.
725 2727 742 2767 1
781 2741 822 2781 p.
853 2728 937 2767 222
983 2726 1187 2766 coniectat
1233 2720 1544 2776 άοιδολεσχεῖν,

72 2791 182 2846 qnod
214 2792 486 2838 conformavit
513 2797 565 2838 nd
594 2797 909 2840 similitudinem
937 2796 1181 2839 flubntantivi
1210 2790 1493 2848 άοιὸολέσχης
1522 2807 1547 2835 n

60 1399 144 1440 iam
174 1399 273 1440 olim
305 1399 426 1441 Curis
458 1399 549 1439 crit.
579 1412 620 1452 p.
650 1398 722 1440 51.
782 1399 939 1439 Locum
971 1396 1041 1438 alii
1071 1397 1193 1437 aliter
1222 1398 1540 1440 constituerunt.
1587 1400 1604 1408 “
