1786 3210
217 132 243 171 4
825 126 1082 169 SUSARIO.

216 241 306 283 κτλ.
376 242 566 282 Tertium
609 246 650 280 et
687 246 880 294 quartum
920 255 1087 283 versum
1129 241 1282 281 omisso
1326 242 1504 283 auctoris
1534 244 1702 285 nomine

217 313 366 355 Suidas
398 325 431 352 s.
463 307 562 350 οὔτε
592 307 675 350 σὺν
706 313 787 352 vol.
805 313 845 351 11
875 325 915 365 p.
928 313 1013 352 743
1042 317 1084 353 et
1114 326 1147 354 s.
1178 300 1343 358 τοῦπος
1373 313 1454 353 vol.
1472 314 1586 368 lle,
1602 315 1700 355 491.

218 385 367 426 Suidas
397 384 519 436 petiit
549 397 600 423 ex
630 383 851 423 scholiasta
875 383 1165 436 Aristophanis
1198 385 1348 437 Lysist.
1370 384 1495 424 1037.
1525 386 1596 426 ubi
1625 386 1702 426 ho-

218 456 286 496 die
328 458 525 506 corrupte
574 454 751 507 legitur:
798 451 845 492 ἐν
881 449 1102 510 παροιμίᾳ
1152 453 1283 494 τοῦτο
1324 452 1520 507 λέγουσι·
1565 451 1702 495 κακόν

217 525 438 578 γυναῖκες,
478 518 577 563 ἀλλ’
610 517 730 578 ὅμως
769 520 846 564 οὐκ
877 520 999 564 ἔστιν
1028 519 1174 564 οἰκίαν
1211 521 1315 565 ἄνευ
1353 522 1504 566 κακοῦ.
1574 526 1646 567 Vs.
1677 527 1701 566 l

216 611 292 650 pro
323 591 430 643 λεώς
463 597 609 648 scripsi
639 591 732 651 λεῴ.
804 596 981 636 Pluralis
1020 598 1130 637 enim
1161 597 1202 637 in
1235 598 1314 638 hac
1345 598 1549 646 formula,
1587 597 1705 636 cuius

218 668 407 720 exempla
439 668 655 707 Bentleius
687 667 854 706 Phalar.
887 667 1000 720 Lips.
1033 681 1074 720 p.
1105 668 1187 707 261
1221 668 1383 716 attulit,
1422 669 1632 720 legitimus
1664 671 1706 706 et

216 739 414 779 solennis.
473 739 529 778 Et
559 738 687 777 habet
716 737 797 777 hoc
827 738 976 790 ipsum,
1008 743 1054 778 ut
1085 750 1195 778 nunc
1225 738 1371 786 video,
1403 727 1605 786 Tzetzes,
1635 751 1704 778 ce·-

216 810 315 849 teris
345 809 387 848 in
418 804 523 855 λεώς
553 809 931 859 consentientibus,
971 810 1049 850 nisi
1081 809 1192 862 quod
1225 809 1447 849 Diomedes
1477 810 1604 849 habet
1634 805 1706 847 λέ-

217 877 296 930 ξιν.
348 905 403 911 -——
450 880 521 921 Vs.
554 881 580 920 3
612 886 654 921 et
683 881 709 921 4
740 884 951 934 comparat
981 881 1129 922 Suidas
1161 894 1255 922 cum
1287 880 1497 933 Aristoph.
1531 880 1704 932 Lysistr.

218 952 329 991 1037
369 946 469 990 οὔτε
508 948 591 990 σὺν
628 949 992 1004 πανωλέθροισιν
1021 946 1119 990 οὔτ’
1150 948 1255 991 ἄνευ
1292 950 1612 1004 πανωλέθρων.
1648 977 1707 984 -

218 1022 293 1064 Vs.
326 1022 354 1061 4
402 1034 509 1063 unus
549 1024 774 1065 Diomedes
812 1018 954 1076 εὑρεῖν
993 1017 1155 1062 οὐσίαν
1192 1037 1269 1077 pro
1309 1037 1383 1073 eo,
1426 1022 1538 1077 quod
1575 1020 1706 1062 ceteri

217 1105 364 1133 omnes
394 1093 562 1143 habent,
589 1086 726 1133 οἰκεῖν
757 1085 917 1133 οἰκίαν.
976 1095 1218 1148 Anonymus
1250 1088 1406 1143 οἰκίας.

330 1165 529 1204 Ceterum
569 1165 613 1205 hi
652 1177 796 1205 versus
834 1164 1011 1205 nativam
1048 1166 1162 1206 illam
1193 1167 1504 1219 antiquissimae
1534 1175 1702 1205 comoe-

216 1234 310 1275 diae
353 1235 661 1288 simplicitatem
701 1235 814 1275 haud
860 1235 1085 1276 infeliciter
1118 1237 1344 1278 imitantur.
1405 1237 1540 1290 ipsius
1577 1235 1704 1275 Susa-

215 1306 343 1347 rionis
372 1319 454 1358 quo
486 1306 622 1347 minus
654 1307 878 1346 existimari
907 1308 1082 1359 possint,
1113 1308 1289 1347 maxime
1313 1307 1548 1348 Aristotelis
1577 1306 1703 1345 silen-

216 1378 318 1417 tium
352 1377 567 1429 prohibet,
599 1378 670 1430 qui
700 1378 735 1418 si
766 1378 866 1429 quid
888 1378 940 1416 de
957 1378 1192 1419 Susarionis
1221 1379 1381 1419 lusibus
1410 1382 1481 1419 aut
1511 1378 1603 1430 ipse
1634 1379 1706 1416 aut

216 1448 412 1500 aequales
443 1449 534 1488 eius
564 1449 765 1489 memoria
807 1449 1062 1499 tenuissent,
1099 1463 1182 1491 non
1224 1450 1405 1504 dubitari
1435 1453 1576 1503 potest
1605 1447 1704 1500 quin

217 1531 267 1559 eo
307 1518 402 1559 loco
443 1518 515 1559 ubi
557 1519 610 1560 de
650 1519 895 1560 comoediae
935 1520 1166 1573 originibus
1207 1521 1423 1570 disseruit,
1463 1519 1704 1561 Susarionis

216 1592 388 1630 conatus
417 1590 584 1644 silentio
616 1603 698 1631 non
729 1591 1103 1644 praetermissurus
1133 1591 1297 1632 fuisset.
1338 1593 1455 1644 Quae
1485 1593 1704 1643 praeterea

219 1660 271 1700 ad
303 1672 499 1700 versuum
529 1662 698 1702 illorum
728 1662 855 1702 fidem
886 1662 1128 1702 elevandam
1149 1662 1363 1703 Bentleius
1381 1662 1546 1702 Phalar.
1563 1675 1604 1713 p.
1620 1660 1705 1701 262

216 1731 355 1772 attulit
384 1736 643 1784 argumenta,
673 1733 724 1772 iis
755 1746 835 1772 non
869 1733 1044 1773 multum
1077 1745 1260 1774 moveor.
1292 1734 1372 1785 Qui
1393 1737 1560 1786 praeter
1589 1745 1704 1772 com-

215 1806 468 1843 memoratos
499 1803 725 1854 scriptores
757 1807 799 1842 et
830 1815 902 1842 eos
925 1816 1029 1855 quos
1060 1805 1170 1844 Hist.
1202 1804 1292 1844 crit.
1324 1817 1365 1856 p.
1397 1804 1452 1843 18
1483 1808 1525 1843 et
1554 1803 1610 1843 24
1640 1806 1703 1843 at-

215 1873 315 1922 tuli,
357 1873 622 1913 Susarioniae
663 1876 841 1926 poeseos
882 1876 1123 1915 memoriam
1173 1874 1401 1914 servaverit
1446 1874 1532 1914 scio
1570 1872 1703 1914 nemi-

215 1933 312 1985 nem
340 1943 420 1984 nisi
451 1943 635 1984 Plotium
666 1957 708 1997 p.
740 1945 867 1986 2663.
896 1946 1008 1998 apud
1038 1958 1162 1999 quem
1191 1950 1371 1986 metrum
1402 1943 1704 1986 Susarionium

216 2019 587 2056 commemoratum
623 2015 815 2067 reperio,
856 2016 967 2068 quod
1007 2017 1285 2070 compositum
1316 2029 1410 2071 esse
1449 2017 1548 2057 dicit
1577 2021 1702 2071 quat-

215 2092 313 2127 tuor
334 2086 519 2140 pedibus
549 2086 782 2126 trochaicis
821 2092 864 2126 et
884 2088 1266 2141 penthemimerico
1302 2087 1530 2142 dactylico.
1596 2087 1703 2129 Eius

214 2158 339 2199 metri
370 2157 482 2210 quod
512 2157 749 2210 exemplum
780 2159 959 2208 subiicit,

401 2226 656 2282 χρυσέοισιν
685 2223 960 2281 ἁνθὲμοισιν
988 2224 1071 2268 τὰν
1104 2225 1243 2282 Θέμιν
1270 2223 1501 2284 οὐρανίαν,

216 2299 367 2352 partim
406 2312 457 2341 ex
487 2299 698 2353 Sapphico
734 2313 859 2341 versu
889 2301 1000 2353 apud
1029 2300 1263 2354 Hephaest.
1294 2314 1336 2353 p.
1366 2298 1422 2340 95
1457 2299 1608 2353 partim
1648 2299 1702 2342 ad

217 2369 426 2410 Pindarici
454 2369 680 2422 fragmenti
709 2384 750 2423 p.
782 2370 865 2413 561
899 2372 1004 2413 Bkh.
1038 2372 1312 2414 imitationem
1350 2372 1402 2413 ab
1442 2370 1534 2425 ipso
1562 2384 1701 2425 gram-

217 2440 368 2483 matico
399 2441 677 2495 compositum
710 2445 787 2482 est.
