1786 3210
593 187 640 231 A
648 183 994 231 YTOMOAOI.
1456 174 1542 223 ξοδ

53 309 138 351 Pro
167 301 293 357 λήϊα,
334 319 441 360 quae
469 307 606 347 ionica
635 305 770 346 forma
801 308 888 353 est,
928 299 1197 343 scribendum
1231 297 1402 352 ,videtur
1440 291 1540 354 λῇοῐ,

53 385 101 422 ut
131 379 213 421 sint
243 383 582 419 tetrametrorum
613 377 828 429 reliquiae.
1518 375 1520 378 ’

761 499 833 540 IX.

166 585 327 630 ῙΙίνειν
357 584 427 628 ἀεὶ
456 587 532 628 καὶ
557 580 746 640 μεθύειν
778 583 884 638 πρὶν
913 578 1080 637 ἀγορὰν
1112 594 1198 620 πεπ
1251 578 1463 630 ληθέναι.

165 704 469 746 Grammaticus
497 701 681 743 Bekkeri
714 699 871 741 Anecd.
902 713 941 751 p.
975 697 1059 737 338
1091 697 1162 737 19.
1205 692 1398 751 Ἀγορᾶς
1424 688 1543 750 ὥρας

54 771 106 816 οὐ
145 774 232 815 τῶν
261 772 578 828 πωλουμένων,
615 766 728 810 ἀλλὰ
769 767 856 809 τῶν
895 764 1041 808 ἄλλων
1082 763 1282 822 πράξεων
1320 766 1408 808 τῶν
1436 763 1540 809 κατ’

56 842 224 903 ἀγορὰν
253 845 397 887 ἔωθεν
427 839 455 895 ἢ
485 844 560 885 καὶ
591 843 696 897 πρὶν
725 837 893 896 ἀγορὰν
922 838 1219 888 πεπληθὲναι.
1267 835 1546 896 Φερεκράτης

56 917 131 958 καὶ
161 917 208 958 ἐν
241 912 519 971 Αὐτομόλοις
548 910 708 954 Πίνειν
736 908 805 952 ἀεὶ
836 910 927 952 κτλ.
997 912 1158 953 Eadem
1188 912 1338 952 Suidas
1369 926 1407 953 v.
1439 907 1546 965 ἆγο-

56 987 135 1044 ρᾶς
163 982 308 1043 ὥραν,
349 990 424 1031 sed
466 987 629 1028 omissis
667 985 804 1025 verbis
832 982 909 1023 καὶ
938 981 985 1022 ἐν
1016 979 1310 1035 Αὐτομόλοις.
1370 984 1544 1035 Versus,

56 1062 128 1114 qui
157 1062 418 1116 Eupolideus
448 1064 525 1110 est,
556 1059 735 1100 fortasse
766 1070 816 1099 ex
846 1056 1037 1111 parabasi
1067 1056 1224 1109 petitus
1254 1059 1332 1096 est.

794 1205 845 1245 Χ.

282 1286 628 1346 Ἀτραπίζοντες
659 1286 736 1338 τὰς
767 1285 984 1345 ἁρμονίας
1015 1285 1091 1328 διὰ
1119 1286 1291 1331 πασῶν.

174 1405 477 1446 Grammaticus
518 1405 700 1446 Bekkeri
730 1404 888 1446 Anecd.
920 1417 962 1456 p.
992 1403 1078 1443 460
1108 1403 1178 1445 27.
1232 1397 1547 1458 Ἀτραπίζεινε

63 1472 260 1530 βαδίζειν
290 1470 317 1525 ἢ
349 1471 584 1516 ὁδοποιεῖν.
617 1466 731 1514 οὕτω
767 1469 1042 1529 Φερεκράτης
1071 1469 1354 1528 Αὐτομόλοις
1377 1468 1549 1529 Ἀτρα-

60 1543 257 1598 πὶζοντες
285 1544 376 1589 κτλ.
423 1548 559 1587 Locus
591 1559 640 1586 ex
671 1548 818 1588 eadem
848 1546 1016 1588 fabulae
1045 1560 1169 1588 scena
1198 1547 1355 1601 petitus
1385 1547 1551 1589 videtur

62 1633 112 1661 ex
142 1632 223 1675 qua
252 1620 287 1661 F
290 1632 419 1674 ragm.
453 1619 493 1660 11
524 1619 694 1660 ductum
726 1622 802 1660 est.

771 1756 846 1796 XI.

178 1840 356 1882 Photius
403 1841 502 1882 Lex.
542 1854 583 1894 p.
626 1841 708 1881 401
752 1841 819 1883 14.
882 1834 1172 1881 Πασσυδίε
1232 1837 1470 1889 παντελῶς.
1527 1836 1552 1881 ὁ

69 1907 345 1962 Θουκυδίδης
383 1907 436 1961 ἡ·
480 1908 542 1966 μὴ
582 1905 719 1960 οὕτως
755 1925 800 1952 τε
840 1909 1042 1952 πασσυδὶ
1083 1906 1400 1967 διεφθάρθαι·
1444 1904 1553 1969 ὅπερ

28 1999 35 2007 ’
64 1977 364 2037 ἀγνοήσαντες
400 1995 513 2031 τινες
541 1979 766 2038 γράφουσι
804 1979 1017 2024 πασσυδί.
1081 1979 1175 2024 ἔστι
1212 1983 1288 2024 καὶ
1326 1981 1374 2024 ἐν
1402 1980 1555 2025 Αὐτο-

64 2050 218 2109 μόλοις
251 2049 563 2111 Φερεκράτους.
622 2057 879 2110 Thucydidis
910 2058 1027 2098 locus
1059 2061 1123 2097 est
1154 2057 1255 2100 V111
1286 2057 1326 2107 1,
1357 2057 1429 2098 ubi
1460 2059 1555 2098 vide

66 2128 333 2181 interpretes.
379 2127 538 2168 Eadem
569 2128 732 2178 Sumne,
764 2129 841 2169 nisi
872 2129 983 2181 quod
1013 2129 1140 2168 habet
1169 2124 1404 2170 πασσυδεί.
1461 2130 1554 2170 Dis-

69 2198 202 2240 seruit
232 2198 285 2238 de
315 2199 469 2239 Suidae
510 2204 552 2239 et
583 2199 723 2239 Photii
753 2200 892 2253 glossa
921 2201 1157 2241 Lobeckius
1189 2200 1241 2239 ad
1272 2200 1556 2253 Phryniehum

69 2283 112 2323 p.
142 2268 228 2309 515
258 2274 302 2309 et
330 2270 551 2322 Sophoclis
581 2271 695 2311 Aiac.
726 2285 766 2324 p.
793 2272 891 2312 369.
952 2272 1229 2311 Pherecrates
1250 2271 1432 2313 fortasse
1457 2285 1557 2314 usus

71 2344 135 2381 est
174 2339 312 2463 ἰοὶ-ἕω
349 2342 583 2394 antiquiore
620 2338 840 2392 πανσυδί,
882 2342 935 2382 de
973 2355 1055 2395 qua
1093 2342 1170 2383 cfr.
1202 2343 1466 2396 Spitznerum
1505 2344 1559 2385 ad

72 2410 191 2452 Iliad.
295 2411 365 2453 12.

770 2536 865 2577 ΧΠ.

298 2621 449 2681 ’Υμεῖς
478 2623 562 2682 γὰρ
591 2622 660 2667 ἀεὶ
691 2623 1026 2682 στραγγαλίὸας
1057 2624 1299 2684 ε’σφίγγετε.

194 2741 364 2784 Photius
395 2745 494 2786 Lex.
525 2757 566 2796 p.
589 2742 670 2783 541
703 2742 744 2784 5.
777 2738 1131 2799 Στραγγαλίΰεςε
1165 2740 1220 2783 τὰ
1251 2739 1446 2784 δύσλυτα
1476 2737 1561 2798 ἅμ-

80 2823 226 2867 ματα·
277 2810 553 2871 Φερεκράτης
600 2810 881 2871 Αὐτομόλοις
921 2810 1074 2869 ’Υμεῖς
1121 2811 1203 2870 γὰρ
1247 2814 1337 2856 κτλ.
1401 2816 1561 2857 Eadem
