1786 3210
474 414 1149 502 CHIONIDES.

539 526 670 574 (lust.
704 524 793 566 crit.
827 523 939 577 μετ
970 525 1081 576 sqq.)

583 841 628 881 H
691 840 732 881 Ρ
788 836 830 881 Ω
894 838 934 880 E
989 837 1044 880 Σ.

234 1060 438 1111 Πολλοὺς
464 1050 607 1119 ἐγῷδα
636 1057 717 1102 κού
743 1057 860 1101 κατὰ
887 1061 934 1101 σὲ
966 1055 1146 1108 νεανίας

230 1146 536 1206 φρουροῦντας
565 1143 754 1202 ἀτεχνῶς
783 1142 868 1188 κάν
898 1141 1069 1200 σάμακι
1097 1143 1411 1200 κοιμωμένους.

173 1265 324 1306 Pollux
354 1263 393 1304 X
420 1264 502 1304 43:
540 1258 636 1303 ἔστι
675 1259 721 1302 δὲ
761 1256 785 1302 ὁ
816 1255 968 1315 σάμαξ
1007 1259 1093 1318 ῥὶψ
1130 1255 1333 1312 καλάμου
1362 1256 1445 1300 τοῦ
1473 1272 1551 1299 κα-

58 1333 276 1389 λουμένου
292 1329 471 1375 σάκτου.
500 1330 697 1387 μάλιστα
729 1330 776 1373 δὲ
809 1331 881 1373 ἐπὶ
913 1327 1149 1386 στρατείας
1179 1324 1319 1387 τούτῳ
1349 1328 1553 1384 ἐχρῶντο,

56 1402 116 1455 ὦς
159 1401 388 1456 Χιονίὃης.
414 1404 462 1445 ἐν
491 1401 670 1459 (Ἡρωσι
707 1401 915 1453 Πολλοὺς
950 1391 1094 1460 ἐγῷδα
1131 1400 1223 1443 κτλ.
1303 1402 1410 1444 Sunt
1446 1402 1554 1443 haec

57 1478 236 1520 sortasse
281 1478 410 1532 patris
458 1478 585 1518 verba
630 1477 681 1518 ad
724 1477 857 1517 filium
900 1476 1091 1518 mollitiei
1138 1475 1326 1516 deditum
1369 1478 1413 1514 et
1453 1473 1555 1514 belli

57 1564 277 1592 aerumnas
317 1551 635 1590 detrectantem.
707 1549 781 1591 Vs.
813 1549 837 1589 1
879 1549 1005 1603 vulgo
1036 1548 1176 1588 editur
1205 1542 1285 1598 ἐγώ
1320 1539 1371 1585 δ’
1403 1539 1552 1584 ἀκούω

54 1618 170 1663 κατὰ
208 1620 272 1664 σε’.
337 1622 442 1663 Cod.
474 1622 616 1663 Falck.
653 1617 733 1674 ἐγώ
771 1615 910 1661 δακού
946 1613 1062 1659 κατά
1091 1630 1160 1668 σε,
1205 1617 1318 1671 quod
1357 1617 1551 1658 certatim

55 1693 330 1734 emendarunt
359 1694 576 1734 Bentleius
608 1694 742 1746 Epist.
774 1694 814 1734 11
845 1692 896 1733 ad
928 1690 1174 1734 Hemsterh.
1206 1703 1246 1742 p.
1262 1689 1335 1729 53.
1395 1688 1550 1728 Porso-

55 1778 133 1806 nus
165 1766 337 1806 Advers.
369 1778 410 1818 p.
423 1765 520 1805 251.
555 1765 789 1805 Lobeckius
821 1764 874 1803 ad
906 1761 1192 1814 Phrynichum
1221 1773 1262 1813 p.
1281 1759 1382 1801 253„
1412 1758 1549 1798 Recte

55 1842 195 1878 autem
225 1837 381 1890 legitur
409 1830 489 1875 κού
518 1831 634 1875 κατὰ
664 1835 712 1875 σὲ
747 1837 791 1878 h.
822 1848 859 1876 e.
897 1846 1032 1888 neque
1069 1837 1173 1872 tuae
1201 1832 1312 1871 sorti
1341 1831 1547 1883 aequipa-

55 1909 235 1958 randos,
280 1908 350 1960 qui
397 1908 498 1948 satis
540 1907 742 1960 frequens
795 1918 897 1947 usus
941 1909 1006 1944 est
1046 1903 1372 1957 praepositioni·
1415 1894 1546 1952 κατά,

54 1982 172 2022 cuius
203 1981 273 2033 qui
303 1981 522 2019 immemor
550 1979 630 2019 fuit
661 1978 877 2019 Hanovius
906 1975 1093 2017 Exercit.
1124 1975 1217 2015 crit.
1249 1974 1266 2014 1
1299 1988 1339 2027 p.
1366 1973 1422 2014 47
1451 1986 1546 2013 cor-

53 2053 193 2106 rigere
221 2051 408 2092 tentabat
437 2044 517 2089 κού
545 2045 719 2098 κακούς.
778 2048 900 2098 Vide,
930 2060 985 2088 ne
1015 2046 1180 2100 longius
1209 2046 1379 2100 abesm,
1409 2045 1545 2085 Hein-

56 2124 234 2165 dorfium
266 2123 317 2162 ad
349 2122 536 2162 Platonis
568 2122 700 2175 Gorg.
729 2135 770 2174 p.
788 2121 888 2160 226.
923 2144 979 2151 —-
1012 2119 1130 2159 Vs.2
1161 2118 1255 2159 cod.
1286 2117 1428 2158 Fakck.
1460 2128 1544 2168 φο-

53 2191 239 2248 ροῦντας
283 2190 511 2247 ἀτέχνους,
558 2193 670 2234 unde
706 2192 924 2234 Bentleius
964 2183 1181 2243 ἀλύχνους
1223 2190 1318 2229 sine
1368 2187 1542 2228 lucerna

52 2278 129 2318 pro
159 2258 346 2317 ἀτεχνῶς
375 2265 641 2305 scribendum
673 2262 866 2304 coniecit.
933 2263 979 2302 Si
1017 2266 1134 2301 recte
1170 2261 1299 2301 habet
1337 2254 1540 2310 ἀτεχνῶς,

50 2337 257 2390 significat
287 2336 436 2389 opinor
461 2335 573 2388 quod
602 2334 735 2375 nostri
767 2334 910 2373 dicunt
940 2332 1046 2372 olme
1067 2331 1282 2379 Weiteres,
1313 2330 1420 2370 olme
1440 2328 1539 2369 Um-

46 2407 238 2449 staende.
296 2406 363 2447 Ad
392 2400 574 2459 σάμακα
616 2405 693 2445 cfr.
726 2405 902 2445 Photius
933 2404 1036 2443 Lex.
1065 2416 1107 2456 p.
1138 2402 1223 2441 498
1253 2401 1301 2441 3:
1342 2394 1539 2454 Σάμακα

47 2474 382 2534 Ἐρατοσθένης
421 2471 616 2518 ἀπέδωκε
658 2472 737 2515 τὸν
778 2468 978 2530 φορμόν*
1020 2468 1203 2526 ἄμεινον
1235 2469 1281 2511 δὲ
1312 2468 1392 2511 τὸν
1419 2469 1536 2522 τοξι-

49 2546 127 2592 κόν
153 2545 366 2604 κάλαμον.
399 2541 538 2597 οὕτως
566 2543 817 2595 Λύσιππος.
880 2546 955 2588 Csr
977 2545 1220 2599 Hesychius
1248 2556 1282 2584 s.
1299 2557 1338 2585 v.
1369 2537 1533 2597 σάμαξ.

52 2621 196 2676 ltaque
224 2619 272 2662 ἐν
301 2616 471 2676 σάμακι
499 2618 756 2675 κοιμᾶσθαι
785 2619 898 2660 idem
929 2619 1041 2672 quod
1071 2631 1155 2660 uno
1184 2617 1315 2659 verbo
1347 2615 1534 2657 comicus

49 2698 189 2749 poeta,
216 2699 264 2737 ut
291 2694 478 2746 videtur,
508 2692 619 2749 apud
650 2690 936 2746 Phrynichum
965 2693 1073 2746 App.
1099 2689 1222 2746 soph.
1253 2701 1296 2744 p.
1325 2688 1383 2730 70
1411 2686 1438 2728 4
1469 2685 1531 2728 di-
