1786 3210
719 151 767 193 Κ
771 149 852 193 ΟΘ
860 149 989 193 ΟΡΝ
992 148 1067 195 ΟΙ.
1556 158 1643 201 423

148 265 238 318 ξοι,
280 264 536 307 Φιλωνίδου
577 265 624 306 δὲ
662 264 710 307 ἐν
755 267 845 316 τοῖς
885 260 1142 321 Κοθόρνοις
1181 261 1384 317 εἰπόντος
1418 264 1485 309 Ὠ
1500 283 1641 328 σπερ

145 337 202 379 οἱ
231 334 455 392 δίμυξοι
486 351 587 380 των
614 335 847 395 λύχνων,
882 336 1142 390 Μεταγένης
1173 337 1233 389 δέ,
1267 336 1455 393 δίμυξον
1485 339 1547 393 δέ,
1580 339 1639 393 ὠς

62 414 75 433 ’-
143 406 223 462 ἐγω
257 407 687 465 502w.1,egendum
717 413 904 453 videtur.
940 406 1196 450 Φιλωνίδου
1224 411 1307 464 μὲν
1336 438 1392 445 —
1429 412 1638 466 Metays'-

143 494 245 530 νους
275 479 323 522 δέ
359 478 618 535 Δι’μυξον,
646 478 717 531 ὠς
744 478 838 536 ἐγω
871 478 1035 523 δοκω.
1068 483 1310 524 Athenaeus
1332 484 1408 526 XV
1437 498 1478 538 p.
1499 486 1636 528 wof:

141 549 408 609 μνημονεύει
436 551 530 594 τοῦ
558 550 803 609 διμύξου
833 579 891 587 —-
926 549 1179 604 Φιλωνίδης
1207 551 1254 594 ἐν
1285 551 1562 611 Κοθόρνοις.

851 681 924 724 Vl.

252 764 533 806 Antintticista
573 779 615 819 p.
648 766 731 806 100
770 766 828 808 in.
876 762 1232 821 Θηραμένης;
1289 762 1371 817 τὴν
1413 763 1635 818 κλητικήν.

146 830 402 886 Φιλωνίδης
445 831 719 890 Κοθόρνοις.
806 837 869 878 lta
914 838 1076 878 correxi
1128 837 1287 886 editum
1342 835 1632 889 Φιλιππίδης.

141 905 193 948 V.
231 907 342 949 nist.
382 908 473 949 crit.
503 921 544 961 p.
577 908 674 949 1⁰3.
753 908 986 950 Philonidis
1030 908 1149 949 locus
1192 922 1243 949 ex
1289 923 1436 951 eorum
1477 923 1635 965 genere

140 975 276 1018 fuisse
313 978 500 1029 videtur,
538 980 592 1020 de
628 980 779 1033 quibus
816 981 903 1036 egit
942 981 1211 1023 Hermannus
1243 981 1382 1023 Praei.
1415 982 1633 1036 Euripidis

136 1047 336 1091 Androm.
366 1063 410 1105 p.
439 1050 554 1094 XVI.

282 1405 670 1448 [NCERTARUM
701 1405 1063 1448 FABULARUM
1096 1406 1473 1450 FRAGMENTA.

859 1530 893 1571 Ι.

324 1606 518 1671 (Ὀρκους
549 1613 597 1655 δὲ
627 1612 795 1670 μοιχῶν
823 1608 884 1664 εἰς
913 1613 1083 1672 τέφραν
1111 1612 1190 1669 ἐγώ
1224 1611 1396 1672 γράφω.

247 1728 468 1771 Helladins
516 1731 684 1773 Chi-est.
732 1731 844 1784 apud
883 1730 1080 1772 Photium
1119 1731 1227 1772 Bibl.
1267 1744 1309 1784 p.
1346 1731 1433 1772 530
1473 1732 1551 1773 15:
1600 1729 1629 1773 ἁ

133 1794 283 1853 στίχος
321 1796 346 1841 ὁ
383 1801 459 1842 καὶ
498 1797 902 1857 παροιμιαζόμενος
943 1794 1160 1857 ,ξὈρκους
1199 1798 1279 1855 ἐγώ
1319 1800 1526 1855 γυναικὸς
1565 1798 1626 1853 εἰς

133 1862 250 1927 ὕδωρ
279 1868 462 1928 γράφω”
502 1871 598 1914 ἐστὶ
635 1875 718 1928 μὲν
746 1870 1048 1927 Σοφοκλέους,
1088 1871 1248 1913 τοῦτον
1277 1871 1325 1913 δὲ
1354 1870 1626 1932 παρῳδήσας

129 1938 155 1981 ό
199 1941 451 1996 Φιλωνίδης
488 1941 575 2001 ἔφη
603 1938 797 2003 “’ορκους
835 1943 928 1987 κτλ.
1006 1946 1144 1987 Etiam
1185 1946 1418 1987 Philonidis
1457 1960 1623 1989 versum

128 2014 173 2055 in
203 2018 470 2069 proverbium
500 2018 653 2059 abiisse
683 2019 807 2059 docet
832 2018 983 2058 incerti
1013 2018 1229 2071 scriptoris
1261 2018 1392 2068 (fort.
1424 2019 1622 2071 Aeliani)

131 2085 248 2127 locus
277 2089 387 2140 apud
418 2090 587 2130 Suidam
620 2090 658 2130 11
691 2104 733 2143 p.
763 2090 843 2130 36:
881 2081 956 2137 Εἰς
986 2086 1156 2143 τέφραν
1185 2084 1398 2167 γράφειν,
1430 2088 1506 2130 ἐπὶ
1535 2101 1623 2129 των

130 2151 375 2203 ἀδυνάτων.
430 2154 544 2213 Ἐγώ
579 2158 627 2201 δὲ
657 2157 761 2210 τοὺς
788 2152 945 2216 όρκους
972 2155 1133 2211 αὐτοῦ,
1175 2158 1227 2201 τὸ
1259 2159 1334 2212 τῆς
1363 2157 1622 2216 παροιμίας,

131 2215 259 2280 οἶμαι
288 2226 380 2270 δεῖν
407 2229 450 2279 ές
479 2230 648 2286 τέφραν
678 2227 879 2288 γράφειν.

850 2365 906 2407 11.

444 2447 738 2505 Κατάκειμαι,
765 2447 825 2500 ὥς
854 2446 997 2506 ὁρᾶτε,
1028 2443 1287 2491 δεκάπαλαι.

245 2564 487 2606 Athenaeus
516 2566 532 2607 1
564 2566 739 2620 p.23e:
775 2561 1027 2616 Φιλωνίδης
1058 2561 1357 2617 Κατάκειμαι,
1386 2558 1445 2611 ως
1473 2557 1618 2617 ὁρᾶτε,

132 2629 390 2679 δεκάπαλαι.
460 2640 570 2691 Apte
601 2639 815 2679 Hanovius
841 2652 882 2692 p.
915 2639 969 2678 15
1001 2639 1215 2690 comparat
1244 2635 1535 2689 Aristophanis
1565 2635 1615 2675 il-

132 2703 204 2744 lud
234 2702 445 2759 τρίπαλαι
473 2706 686 2763 κάθημαι
717 2711 826 2763 Equ.
858 2710 983 2751 1158.
1056 2709 1173 2748 Idem
1213 2719 1380 2748 versum
1419 2707 1478 2747 ita
1517 2719 1616 2759 sup-

132 2774 272 2827 plebat
300 2773 444 2820 καίτοι
472 2776 737 2835 κατάκειμαί
766 2777 830 2834 γ’.
871 2781 1112 2836 Simplicius
1128 2778 1259 2822 fuerit
1280 2771 1544 2832 κατάκειμαι
1561 2771 1614 2817 δ’.
