1786 3210
297 153 356 196 58
933 144 1171 187 CRATINI

297 260 495 306 τελοῦντι
527 261 748 304 delendum
778 259 956 301 videtur.
1015 259 1218 300 Confudit
1247 261 1387 299 autem
1415 258 1596 300 Tzetzes
1627 250 1786 302 Cratini

298 337 461 386 locum,
502 349 552 375 ex
589 331 865 383 Aristophane
903 330 985 382 ipsi
1026 332 1266 384 cognitum,
1305 342 1400 370 cum
1439 330 1524 370 hoc
1563 329 1786 376 Pindarico

301 409 425 450 Nem.
447 407 507 447 111
537 405 590 445 4:
619 395 751 443 ὕδατι
780 396 865 456 γὰρ
893 396 1074 454 μένοντ’
1107 396 1180 442 ἐπ’
1205 397 1407 458 Ἀσωπίῳ
1434 395 1786 455 μελιγαρύων

298 477 552 523 τέκτονες
578 468 769 525 κώμων
798 468 987 514 νεανίαι.
1034 473 1252 514 Prioribus
1284 474 1421 514 verbis
1451 473 1786 527 ingeniosissime

301 550 497 592 Cratinus
534 546 701 586 venales
737 545 1087 597 sycophantarum
1127 550 1238 586 artes
1283 546 1516 598 descripsit.
1578 545 1642 586 {ta
1669 548 1786 590 certe

296 621 434 662 locum
463 616 667 658 intellexit
708 615 976 666 scholiastes,
1017 610 1270 670 δωροδόκον
1303 615 1380 656 καὶ
1411 609 1699 668 συκοφάντην
1721 615 1786 658 hia

294 692 433 733 verbis
474 687 672 740 exagitari
714 686 872 728 dicens.
962 689 1222 740 Quamquam
1278 700 1373 728 cum
1418 688 1615 729 Cratinus
1662 687 1786 733 etiam

293 758 408 811 Δεξώ
443 760 561 799 deam
592 758 759 798 finxerit
788 762 899 798 teste
915 758 1147 811 Hesychio‚
1178 751 1345 808 Λεξώε
1379 753 1644 812 ὁΚρατῖνος
1670 751 1786 801 (ὀνο-ι

290 826 597 887 ματοποίησεν
625 823 715 868 ἀπὸ
744 826 824 869 τοῦ
855 827 1074 883 δέχεσθαι
1104 825 1239 883 δῶρα,
1269 829 1426 870 rectius
1456 828 1639 870 fortasse
1667 828 1786 871 Doro

291 904 426 944 activo
456 913 580 942 sensu
611 901 854 954 accipienda
884 906 961 952 est,
991 905 1039 942 ut
1069 902 1351 955 sycophantae
1378 901 1670 954 intelligantur
1694 911 1786 942 mu*-

292 975 461 1016 neribus
491 972 652 1013 iudices
684 976 1016 1026 corrumpentes.
1062 973 1126 1014 Ita
1157 974 1286 1026 igitur
1315 973 1397 1013 duo
1428 972 1594 1013 diversa
1618 971 1786 1024 ‚sibique

293 1045 484 1099 opposita
514 1044 715 1084 habemus
746 1046 940 1094 numina,
979 1045 1098 1097 quasi
1126 1044 1354 1085 Dononam
1383 1044 1497 1084 dicas
1530 1046 1574 1082 et
1604 1042 1786 1095 Accipi-

291 1121 415 1168 tram,
447 1128 622 1168 quorum
653 1116 818 1168 utrique
849 1116 1030 1157 fortasse
1060 1117 1102 1157 in
1132 1127 1215 1156 una
1246 1117 1478 1169 eademque
1510 1113 1655 1154 fabula
1681 1114 1786 1154 Cra·-

291 1189 402 1228 tinus
434 1187 571 1226 locum
617 1192 895 1229 concesserat.
964 1189 1026 1229 Ac
1055 1187 1236 1228 fortasse
1267 1188 1390 1228 etiam
1421 1186 1668 1228 scholiastes
1700 1181 1784 1223 δω-

290 1252 476 1314 ροδόκον
507 1258 559 1298 de
594 1271 814 1299 munerum
842 1260 1044 1313 largitore
1074 1260 1304 1310 intellexit,
1335 1273 1458 1312 quam
1491 1257 1618 1297 huius
1649 1255 1783 1297 nomi-

289 1331 353 1371 nis
383 1329 464 1368 vim
495 1329 718 1369 illustravit
747 1329 1026 1371 Ruhnkenius
1058 1331 1109 1370 ad
1142 1330 1251 1371 Tim.
1283 1344 1323 1383 p.
1356 1330 1426 1370 91.
1494 1329 1693 1369 Ceterum
1725 1326 1782 1368 si-

287 1402 400 1444 milia
431 1401 518 1440 sive
548 1402 715 1442 nomina
745 1402 833 1443 sive
864 1402 1114 1455 cognomina
1153 1406 1250 1443 sunt
1280 1394 1399 1441 Σιτώ
1433 1395 1612 1454 Μνημώ
1642 1396 1786 1461 Περι-ἰ

289 1467 413 1527 βασώ
452 1467 608 1511 Θαλλώ
641 1467 814 1527 Καρπώ
845 1466 979 1523 Αὐξώ
1021 1475 1115 1524 alia,
1156 1474 1210 1514 de
1241 1473 1390 1526 quibus
1421 1485 1497 1513 suo
1536 1484 1655 1512 more

287 1545 351 1587 vir
381 1545 552 1585 eximius
583 1544 788 1598 Aglaoph.
819 1558 861 1598 p.
891 1545 990 1586 733.
1063 1546 1143 1599 Qui
1185 1544 1295 1598 quod
1338 1558 1388 1584 ex
1417 1544 1633 1597 Hesychia
1664 1556 1778 1599 com7

287 1621 491 1658 memorat
516 1610 723 1668 Ἐμβλώε
753 1611 878 1669 παρὰ
907 1613 958 1655 τὸ
989 1613 1225 1670 ἐμβλέπειν
1255 1613 1524 1664 πέπλασται,
1553 1609 1613 1664 ὠς
1641 1609 1668 1664 ἡ
1687 1613 1776 1655 Δω-

289 1684 347 1743 ρώ
379 1686 454 1727 καὶ
482 1681 510 1737 ἡ
541 1682 671 1739 Δεξώ,
701 1688 744 1728 id
767 1693 809 1728 et
838 1688 975 1741 ipsum
1008 1690 1059 1729 ad
1077 1690 1291 1730 Cratinum
1322 1687 1456 1728 refert
1473 1687 1557 1728 Th.
1573 1686 1776 1739 Bergkiun

287 1760 520 1802 Comment.
551 1773 594 1813 p.
626 1761 696 1810 69,
727 1773 803 1814 pro
831 1754 1011 1813 Ἐμβλώ
1048 1762 1263 1814 corrigens
1284 1752 1542 1812 Ἐμβλεπώ,
1570 1761 1619 1798 ut
1646 1757 1775 1801 voluit

290 1831 415 1872 etiam
452 1831 691 1884 SopingiuS.
762 1831 847 1872 Sed
887 1831 1025 1872 fateor
1065 1846 1132 1872 me
1170 1845 1252 1871 non
1290 1831 1527 1884 intelligere
1567 1829 1677 1884 quid
1707 1829 1722 1869 i

285 1897 519 1956 Ἐμβλεπώ
555 1903 792 1956 significare
822 1904 1006 1957 potuerit
1037 1903 1148 1956 apud
1179 1902 1407 1943 Cratinum.
1467 1902 1666 1942 Fortasse
1698 1899 1772 1956 igi-

287 1977 357 2016 tur
385 1974 468 2014 fuit
481 1988 558 2016 vox
582 1974 739 2025 dorica,
768 1974 856 2015 sive
886 1976 1134 2030 adspectum
1164 1974 1252 2015 sive
1282 1973 1494 2014 invidiam
1523 1972 1739 2029 significan

287 2046 636 2099 quemadmodum
666 2046 793 2087 iidem
821 2042 923 2086 κινω
957 2048 1154 2087 dicebant
1172 2059 1248 2099 pro
1271 2039 1442 2094 κίνησις
1473 2048 1516 2085 et
1544 2044 1628 2084 alia
1661 2044 1771 2085 eius-

288 2117 382 2158 dem
421 2118 606 2170 generis,
645 2119 698 2158 de
729 2120 879 2172 quibus
915 2119 1063 2160 itidem
1104 2118 1190 2171 egit
1219 2117 1458 2158 Lobeckius
1487 2115 1516 2158 l.
1547 2116 1577 2157 l.
1635 2116 1768 2157 Unum

287 2193 353 2230 est
390 2189 501 2241 quod
540 2189 742 2232 adiiciam.
808 2192 983 2232 Constat
1022 2204 1072 2230 ex
1109 2190 1352 2238 Athenaeo,
1391 2188 1510 2229 cuius
1557 2189 1685 2229 verba
1725 2186 1767 2228 at}

285 2261 454 2314 Fragm.
487 2260 546 2303 lV
576 2261 791 2315 adscripsi,
821 2263 998 2304 Eunidis
1029 2262 1244 2304 Cratinum
1274 2260 1520 2312 frequentes
1550 2258 1766 2301 inseruisse

285 2332 494 2385 pai-odias.
555 2332 700 2386 ltaque
730 2335 1073 2375 verisimillimum
1105 2338 1191 2383 est,
1225 2333 1350 2372 etiam
1382 2331 1487 2372 illud
1517 2342 1702 2381 carmen,
1730 2329 1764 2379 ia

289 2404 405 2445 cuius
442 2404 559 2445 initio
600 2406 794 2446 Cratinus
832 2408 958 2446 verba
988 2405 1135 2459 Δωροῖ
1168 2400 1428 2444 συκοπέδιλε
1455 2405 1682 2456 posuerat,
1723 2412 1763 2443 e:

289 2474 395 2514 alius
431 2480 582 2527 poetae
614 2477 795 2516 carmine
825 2477 956 2518 fuisse
995 2473 1386 2530 πεπεέρῳδημὲνον.
1458 2475 1659 2515 Fortasse
1695 2471 1761 2532 hy·

289 2557 410 2585 mnus
426 2546 573 2598 aliquis
593 2547 834 2599 antiquioris
850 2553 1001 2602 poetae
1019 2562 1056 2589 e.
1070 2560 1105 2588 c.
1120 2548 1161 2587 in
1182 2547 1383 2587 Iunonem
1399 2546 1465 2586 his
1479 2545 1618 2586 verbis
1636 2543 1761 2586 ordie-

290 2614 413 2656 batur
443 2607 572 2670 ‘'Hpry
593 2617 905 2672 χρυσοπέδιλε,
945 2633 1051 2674 quae
1083 2619 1236 2660 deinde
1267 2616 1460 2658 Cratinus
1490 2630 1566 2659 suo
1599 2617 1759 2658 consili(

294 2691 337 2726 et
366 2685 553 2728 instituto
592 2692 902 2731 accommodate
939 2692 982 2732 in
1020 2692 1158 2745 ipsum
1196 2690 1299 2730 illud
1329 2686 1478 2744 Δωροῖ
1513 2685 1758 2730 συκοπέδιλ-

292 2757 481 2799 detorsit.
547 2760 609 2801 Ac
652 2762 869 2804 confirmat
907 2763 1015 2806 hanc
1046 2763 1329 2805 coniecturam
1358 2761 1599 2815 planissime
1632 2761 1757 2815 Hesy-
