1786 3210
623 198 1013 247 ΤΡοΦΩΝιοΣ.
1243 186 1254 200 ’
1464 198 1547 241 141

17 359 20 362 Α
63 338 141 381 γος
183 322 452 367 scribendum
492 323 570 363 est.
638 320 837 362 Ceterum
866 318 1047 361 fortasse
1077 317 1201 359 etiam
1242 314 1316 357 illa
1354 306 1551 364 ,πόλεως

64 392 277 453 ὅλεθροι”
306 393 463 438 Cratini
491 392 619 435 verba
647 396 758 433 sunt.

671 557 939 574 h—-a--u—-o

393 802 1242 862 ΤΡοΦΩΝΙοΣ.

809 971 843 1012 1.

186 1083 303 1130 Οὐδ’
335 1079 554 1139 ,Αἰξωνίδ’
586 1080 875 1141 ἐρυθρόχρων
902 1079 1081 1124 ἐσθίειν
1110 1079 1176 1125 ἔτι
1204 1079 1401 1140 τρίγλην,

177 1170 280 1216 οὐδὲ
310 1170 535 1230 τρυγόνος,
567 1167 671 1212 οὐδὲ
701 1167 850 1212 δεινοῦ
877 1166 1000 1226 φυὴν
1024 1165 1315 1225 μελανούρου.

178 1299 423 1341 Athenaeus
450 1299 604 1352 VHp.
638 1296 793 1338 8252:
855 1293 1081 1352 Κρατῖνος
1123 1289 1177 1335 δ’
1217 1291 1264 1335 ἐν
1309 1287 1555 1351 Τροφωνίῳ

66 1365 233 1426 φησίν·
283 1365 395 1411 Οὐδ’
442 1363 659 1422 Αἰξωνίδ’
707 1362 994 1423 ἐρυθρόχρων
1033 1364 1129 1409 κτλ.
1202 1367 1275 1409 Vs.
1307 1368 1332 1407 1
1375 1362 1439 1406 ἔτι
1476 1379 1555 1420 pro

65 1442 267 1483 librorum
311 1441 500 1482 lectione
548 1438 633 1480 εἴτι
676 1440 857 1481 Meursii
895 1444 960 1480 est
1003 1438 1241 1480 emendatio
1281 1439 1469 1480 Eleusin.
1498 1437 1558 1478 24

42 1526 107 1568 -ρ,
138 1514 193 1554 67
231 1517 275 1554 et
303 1512 471 1565 Reliqu.
502 1512 588 1553 Att.
621 1512 639 1552 1
669 1525 711 1564 p.
743 1513 785 1552 7.
854 1511 1042 1552 Mettum
1078 1515 1243 1560 tamen,
1286 1510 1399 1563 quod
1438 1509 1557 1551 Pria-

32 1574 35 1576 *
64 1585 207 1641 peium
238 1588 324 1635 est,
353 1596 437 1624 non
467 1584 694 1637 perspexit.
765 1582 830 1624 Ad
860 1583 989 1623 verba
1017 1575 1249 1633 Αἶξωνίδα
1278 1578 1462 1636 τρίγλην
1488 1594 1559 1622 re-

66 1656 202 1710 spexit
245 1655 508 1709 Hesychius,
555 1649 787 1706 Αἰξωνίδα
832 1649 1039 1706 τρίγληνε
1099 1651 1281 1694 ὁοκοῦσι
1321 1649 1558 1694 κάλλισται

23 1741 27 1749 ’
66 1717 182 1768 εἶναι
211 1725 262 1767 αἱ
290 1721 539 1777 Αἰξωνικαὶ
569 1723 757 1782 τρίγλαι.
819 1727 968 1779 Neque
996 1726 1040 1765 id
1069 1725 1180 1779 fugit
1209 1726 1480 1766 Runkelium.
1500 1750 1558 1758 —-

66 1797 142 1840 Vs.
172 1797 200 1837 2
244 1797 340 1837 libri
383 1792 438 1837 οὐ
479 1793 735 1853 δεινούᾳην.
810 1797 1061 1839 Emendavit
1103 1798 1397 1846 Casaubonm,
1439 1801 1558 1838 recte

67 1873 238 1910 vertens
273 1882 411 1923 neque
440 1872 742 1924 pastinacam,
779 1883 914 1924 neque
951 1868 1122 1910 s‘olertz's
1161 1870 1331 1923 ingenii
1365 1869 1559 1909 melanu-

66 1954 182 1991 rum,
221 1944 269 1980 ut
303 1942 475 1994 genitivi
512 1942 725 1995 pendeant
764 1942 827 1982 ab·
859 1937 1059 1989 ἐσθίειν,
1097 1953 1180 1981 non
1222 1954 1245 1980 a
1275 1935 1406 1995 φυήν.
1471 1941 1557 1982 Sed

40 2041 44 2045 .
69 2007 211 2059 δεινὸς
241 2009 363 2065 φυὴν
400 2014 556 2054 rectius
587 2014 1008 2067 Schweighaeuserus
1051 2011 1103 2052 ad
1141 2013 1329 2065 corporis
1360 2013 1557 2065 habitum

68 2086 112 2124 et
140 2083 468 2136 magnitudinem
497 2086 634 2127 traxit.
694 2086 758 2126 De
787 2085 936 2127 astutia
967 2085 1171 2126 melanuri
1194 2085 1464 2127 Casaubonus
1493 2084 1558 2126 af-

72 2151 157 2196 fert
189 2155 370 2209 Oppian.
401 2157 499 2199 Hal.
530 2157 591 2198 111
622 2158 708 2199 443
737 2171 826 2212 sqq.
857 2161 902 2200 et
930 2159 1095 2200 Aeliani
1124 2158 1181 2199 H.
1212 2157 1263 2199 A.
1290 2157 1309 2198 Ι
1339 2157 1411 2201 41.

790 2310 845 2352 Π.

274 2387 339 2433 Οὐ
368 2391 493 2434 σῖτον
521 2388 720 2448 ἄρασθ’,
750 2389 831 2449 οὐχ
860 2387 1004 2436 ὕπνου
1032 2392 1181 2450 λαχεῖν
1207 2392 1353 2451 μέρος.

185 2535 488 2578 Grammaticus
519 2538 650 2578 Bekk.
681 2538 840 2580 Aneed.
863 2552 906 2592 p.
921 2539 1005 2580 358
1028 2540 1082 2580 2:
1114 2532 1384 2594 ”Αρασθαὶ;
1418 2550 1555 2594 προσ-

74 2604 358 2659 ενέγκασθαι.
420 2606 644 2663 Κρατῖνος
686 2607 930 2667 Τροφωνίῳ
975 2606 1039 2650 Οὐ
1077 2609 1203 2651 σῖτον
1231 2608 1324 2651 κτλ.
1383 2611 1555 2653 Suidas:

77 2674 325 2732 Αἴρεσθαιε
364 2667 769 2735 προσενέγκασθαι.
802 2681 1023 2738 Κρατῖνος
1058 2678 1301 2739 Τροφωνίῳ
1336 2676 1400 2722 Οὐ
1431 2682 1556 2722 σῖτον

78 2742 260 2802 αἴρεσθ’
289 2744 366 2804 οὐχ
393 2743 535 2792 ὕπνου
563 2750 600 2792 λ.
622 2767 669 2807 μ.
729 2754 890 2801 Eadem
920 2755 1074 2797 omisso
1103 2755 1284 2796 auctoris
1315 2758 1358 2795 et
1386 2753 1555 2797 fabulae

78 2819 246 2862 nomine
275 2821 457 2866 Zonaras
487 2825 587 2866 Lex.
618 2838 659 2879 p.
690 2826 760 2868 93.
