1786 3210
250 173 333 213 136
882 169 1097 212 GRATIN
1101 168 1119 209 1

249 280 463 339 ἀΐδρυτον
491 289 696 326 commate
725 284 1004 325 incidendum.
1065 281 1257 335 Respicit
1274 282 1434 324 Cratini
1461 284 1601 328 locum
1626 287 1732 343 Ety-

249 355 348 397 mol.
363 356 425 398 M.
435 357 546 411 p.42
577 358 645 397 lo.
670 349 918 409 Ἀΐδρυτον
946 346 1104 393 mxcv:
1135 348 1187 391 τὸ
1216 346 1481 409 κατάρατον,
1513 350 1543 396 δ’
1567 351 1647 398 οὐκ
1674 351 1733 398 ἂν

248 438 316 475 τις
345 423 464 483 αὐτῷ
494 423 736 479 ἱδρύσαιτο.
769 425 858 466 cfr.
891 423 1194 468 Grammaticus
1224 425 1355 466 Bekk.
1386 427 1544 469 Anecd.
1575 442 1617 483 p.
1631 429 1730 472 868.

246 492 492 552 ’.Αΐδρυταε
523 492 578 536 τὰ
605 490 733 536 κακά.
803 495 867 535 De
895 495 1024 536 verbo
1054 488 1266 550 ἀΐδρυτος
1294 497 1389 539 vide
1429 498 1562 553 intpp,
1592 499 1731 555 Hesy-

250 568 335 610 chii
363 572 406 608 et
435 568 645 620 Aristoph.
676 566 849 619 Lysistr.
870 565 969 607 810.
1030 566 1256 608 Praeterea
1284 569 1328 609 in
1358 569 1563 624 Hesychii
1591 571 1732 626 glossa

248 652 326 692 pro
355 635 649 692 κακοΐδρυτον
678 636 905 690 legendum
934 636 1100 678 videtur
1128 633 1397 694 κατάρατον.

957 791 1029 833 IV.

308 865 434 914 Οὕτω
472 871 707 930 σταθεριῦς
746 874 838 923 τοῖς
877 869 1158 923 λωποδύταις
1194 869 1219 915 ὁ
1260 870 1396 933 πόρος
1426 875 1611 921 πεινῶσι
1639 892 1732 921 πα-
1783 923 1786 926 ⁴

1132 957 1300 1016 φλάζει.

355 1073 533 1114 Photius
562 1073 664 1116 Lex.
695 1087 736 1127 p.
767 1073 853 1115 533
882 1076 952 1117 22.
1011 1071 1280 1132 Σταθερόνε
1312 1071 1429 1131 -ὀξύ,
1480 1071 1662 1133 ἰσχυρὸν
1699 1072 1730 1130 ἢ
1785 1133 1786 1136 J

243 1140 419 1198 θερμόν
457 1170 514 1179 -
551 1143 629 1184 καὶ
657 1143 882 1200 Κρατῖνος
922 1145 968 1186 δὲ
997 1144 1045 1187 ἐν
1075 1143 1304 1204 Σεριφίοις
1332 1147 1407 1190 ἐπὶ
1435 1147 1515 1190 τοῦ
1543 1146 1673 1200 ὀξέως
1702 1144 1732 1201 ἢ
1783 1181 1786 1203 ;

243 1208 424 1271 ἰσχυροῦ
453 1216 572 1267 (fort.
603 1209 834 1272 ἰσχυρῶς)·
871 1211 997 1259 Οὕτω
1028 1217 1263 1275 σταθερῶς
1292 1219 1386 1265 κτλ.
1445 1221 1605 1263 Eadem
1635 1223 1731 1264 Sui·
1781 1209 1786 1262 ᾗ

244 1288 316 1330 das
345 1303 379 1331 s.
404 1303 443 1331 ν.
474 1284 721 1344 σταθερὸν.
783 1290 829 1330 In
860 1291 1208 1344 praecedentibus
1238 1297 1361 1346 poeta
1388 1292 1543 1335 fretum
1570 1293 1731 1336 ¹deficti-

241 1361 376 1414 psisse
406 1361 572 1403 videtur
602 1375 625 1401 a
654 1361 935 1415 praedonibus
965 1362 1239 1405 vehementer
1267 1363 1524 1406 infestatum.

962 1516 1016 1558 V.

301 1593 545 1639 Kozvoe'vo'
578 1596 652 1639 ἐπὶ
677 1597 874 1655 τέρματα
897 1600 976 1654 γῆς
999 1593 1116 1653 ἥξεις
1135 1600 1211 1647 καὶ
1231 1595 1476 1651 Κισθήνης
1493 1595 1594 1658 ὅρος
1610 1596 1728 1657 ὄψα.-
1771 1586 1780 1657 J

358 1714 636 1767 Harpocratio
667 1728 709 1768 p.
740 1715 824 1756 112
854 1715 894 1756 l.
960 1710 1199 1767 Κισθήνης
1226 1709 1487 1770 Ἰσοκράτης
1515 1713 1730 1770 Πανηγυ-
1771 1688 1779 1778 ,J

243 1781 360 1841 ρικῷ,
419 1781 522 1840 ὄρος
553 1783 630 1835 τῆς
665 1783 864 1842 Θρᾴκης·
907 1784 1131 1843 Κρατῖνος
1160 1783 1404 1828 Κάνθένδ’
1430 1785 1502 1828 ἐπὶ
1531 1786 1729 1843 τέρματα

242 1854 335 1898 κτλ.
376 1858 441 1899 Ad
472 1859 688 1911 Seriphius
719 1858 825 1899 haec
854 1860 1000 1899 rettuli
1029 1859 1121 1913 ipsa
1149 1861 1213 1900 rei
1242 1859 1535 1914 probabilitate
1565 1861 1728 1903 ductus.
1767 1855 1769 1858 ¹

242 1929 472 1984 Aeschylus
503 1930 643 1971 Prom.
674 1930 781 1970 817:

469 1995 636 2041 πόντου
665 1998 843 2056 περῶσα
873 1997 1106 2054 φλοῖσβον,
1138 1995 1181 2049 ἔς
1209 1994 1255 2040 τ’
1288 1993 1346 2039 ἂν
1373 1997 1492 2058 ἐξίκῃ

468 2068 577 2126 πρὸς
605 2068 846 2127 Γοργόνεια
876 2068 1009 2112 πεδία
1039 2067 1298 2122 Κισθήνης,
1326 2065 1406 2111 ἵνα

470 2143 521 2183 αἱ
555 2140 772 2198 Φορκίδες
802 2139 981 2184 ναίουσι
1011 2141 1197 2194 δηναιαὶ
1224 2140 1367 2199 κόραι.

243 2211 381 2255 Huius
412 2216 522 2258 enim
551 2215 718 2257 fabulae
748 2221 910 2270 partem
942 2230 1054 2267 eam,
1095 2230 1203 2271 quae
1239 2216 1310 2257 lus
1342 2228 1509 2257 errores
1540 2215 1726 2269 comple-

244 2285 383 2336 ctitur,
413 2288 626 2328 Cratinum
655 2288 700 2328 in
730 2288 935 2341 Seriphiis
965 2288 1140 2341 parodia
1171 2288 1323 2329 lusisse
1350 2287 1529 2338 videtur,
1561 2287 1613 2328 de
1642 2300 1725 2340 quo

244 2356 440 2398 admonui
469 2359 610 2400 Praef.
641 2360 862 2400 Menandr.
892 2374 934 2414 p.
958 2361 1115 2403 xvul.
1175 2361 1270 2400 Non
1300 2364 1416 2400 recte
1445 2364 1586 2400 autem
1614 2359 1726 2400 Har-

240 2430 426 2480 pocratio
463 2431 691 2473 Cisthenen
729 2431 779 2472 ab
817 2431 999 2472 Isocrate
1041 2431 1197 2485 Paneg.
1238 2430 1259 2484 ᾧ
1291 2431 1375 2471 153
1425 2443 1725 2472 commemora-

240 2503 325 2539 tam
353 2512 447 2540 cum
479 2502 678 2543 Cisthene
708 2503 866 2544 Cratini
896 2505 1142 2556 composuit.
1214 2503 1291 2544 lna
1320 2502 1431 2543 enim
1454 2502 1617 2555 Mysiae
1647 2515 1725 2556 op·

242 2571 386 2623 pidum
415 2571 508 2622 fuit,
539 2588 622 2615 non
652 2576 778 2628 longe
802 2576 852 2615 ab
869 2576 1130 2628 Adramyttio
1157 2573 1359 2624 dissitum,
1372 2573 1588 2615 Strabonis
1616 2565 1745 2614 tem-¹

240 2653 346 2694 pore
375 2643 600 2685 desertum.
658 2646 709 2689 V.
740 2647 891 2688 Strabo
922 2645 1023 2687 X111
1055 2660 1096 2699 p.
1121 2645 1206 2686 375
1238 2646 1304 2686 ed.
1335 2645 1449 2686 Sieb.
1508 2645 1598 2686 Cfr.
1629 2644 1724 2686 Ste-

240 2713 403 2767 phanus
439 2715 538 2767 Byz.
581 2729 614 2757 s.
644 2732 682 2758 v.
719 2716 890 2759 Πᾶσσα
929 2731 970 2771 p.
1002 2717 1082 2757 631
1123 2723 1166 2758 et
1206 2718 1366 2759 Plinius
1405 2717 1462 2758 Η.
1500 2717 1553 2757 N.
1583 2716 1622 2758 V
1651 2716 1722 2756 30.

242 2786 448 2840 Thi-aciae
490 2792 670 2829 montem
711 2791 780 2842 qui
812 2790 1038 2833 Cisthenen
1077 2791 1240 2841 dixerit,
1279 2794 1447 2844 praeter
1485 2788 1751 2842 Harpocra-'
