1786 3210
500 163 767 205 FABULAE
799 159 1106 203 INCERTAE.
1397 188 1400 190 v
1459 156 1550 199 :21⁷

673 275 944 318 cxxxvlu.

861 357 948 412 ‘'Og
978 359 1060 414 τὴν
1090 358 1222 402 πίτυν

257 451 479 509 ἔκαμπτεν
508 448 645 500 ἑστώς
671 445 884 506 χαμόθεν
913 446 1050 505 ἄκρας
1077 446 1155 499 τῆς
1184 443 1322 502 κόμης

259 555 314 582 κα
321 534 464 581 θέλκιυ
471 551 506 580 v.

179 635 416 675 Priscianus
446 633 588 674 XVIII
621 647 663 686 p.
680 633 763 673 271
796 631 966 672 Krehl.:
994 623 1259 683 χαμόθεν
1290 626 1494 681 quod-est
1523 640 1551 666 a

61 708 151 747 loco
187 705 388 746 Cratinus
411 719 492 759 pro
524 707 570 745 in
602 705 691 744 coco
714 705 887 757 posuit.-
926 696 985 750 ὃς
1026 696 1121 750 τὴν
1158 694 1321 738 πίτυν
1358 724 1413 730 —
1451 710 1551 737 κα-

59 776 296 818 θέλκων.
355 776 511 817 Melius
542 783 687 817 tamen
718 781 782 816 est
813 774 1161 829 distinguendum
1191 764 1380 820 ἑστώςς
1419 771 1553 811 etiam

63 850 166 891 bene
196 863 223 889 a
254 849 343 889 loco
375 851 588 902 accipitur
613 841 874 901 χαμόθεν
904 846 956 886 ab
987 846 1123 885 humo.
1152 896 1158 905 ,
1186 843 1248 883 Ita
1278 842 1385 881 haec
1423 841 1554 881 edidit

61 921 260 962 Krehlius
285 933 309 960 e
327 921 418 961 cod.
441 921 606 961 Monac.
624 933 699 974 pro
713 919 902 972 vulgato:
931 917 1081 958 melius
1112 920 1256 956 tamen
1285 915 1553 968 distinguen-

62 990 355 1045 ᾱαηιχαμαὶ
384 992 513 1042 hami,
539 986 800 1045 χαμόθεν
819 990 872 1030 ab
896 990 1034 1040 humo,
1061 983 1270 1041 χαμᾶζε
1302 988 1349 1027 in
1370 986 1552 1027 humum.

67 1066 173 1106 Cum
211 1065 378 1105 Monac.
418 1064 542 1116 plane
580 1064 846 1104 consentiunt
879 1062 966 1101 duo
1005 1060 1126 1100 codd.
1164 1059 1284 1100 Lei-d.
1323 1058 1402 1098 nisi
1442 1057 1555 1110 quod

64 1142 245 1188 utroque
270 1136 364 1175 loco
391 1131 609 1188 χαμάθεν
638 1136 795 1175 habent
824 1146 900 1186 pro
927 1126 1152 1185 χαμόθεν.
1212 1129 1555 1171 Cfr.1.obeckius

67 1208 120 1248 ad
162 1207 320 1260 Phr-yn.
357 1220 399 1259 p.
430 1208 498 1248 67.
567 1206 771 1259 Scaliger-i
810 1204 978 1245 collatio
1017 1205 1123 1244 haec
1162 1202 1310 1243 habet:
1353 1201 1556 1242 Cratinus

68 1269 189 1318 ὅστ’
229 1274 287 1316 ἐν
326 1273 545 1327 πυτίνη.
603 1271 790 1326 κλὶνῄ’
834 1270 1061 1331 (κάμήτ’
1103 1274 1151 1315 V.
1187 1273 1232 1315 C.
1271 1287 1424 1314 nomen
1452 1286 1557 1328 pro-

61 1348 229 1405 prium)
248 1345 482 1397 ἐνεστώς
507 1344 771 1403 χαμόθεν
802 1342 969 1402 ἄκρας
998 1344 1098 1396 τῆς
1127 1340 1300 1398 κόμης
1328 1343 1559 1385 καθεῖλ-

65 1434 119 1462 κε
135 1432 172 1462 ν.
242 1421 304 1461 Ita
331 1414 470 1474 igitur
509 1422 560 1462 ad
601 1422 778 1475 Pytinen
816 1420 923 1461 haec
966 1418 1192 1459 reserenda
1230 1417 1402 1458 fuerint.
1472 1417 1558 1458 Sed

30 1529 41 1538 ⁴
68 1493 371 1546 dubitationem
401 1494 533 1533 iniicit
562 1493 668 1533 illud
697 1484 799 1532 ὅστε
826 1492 868 1531 in
899 1491 1038 1530 verbis
1054 1490 1278 1530 Prisciani:
1309 1502 1387 1529 nec
1417 1494 1559 1530 cetera

69 1566 260 1619 expedio.
306 1566 351 1605 Si
380 1570 496 1605 recte
525 1565 654 1621 habet
683 1565 850 1618 vulgata
880 1563 1020 1612 lectio,
1051 1562 1168 1602 locus
1200 1562 1252 1602 de
1269 1561 1559 1615 Pityocampte

67 1637 363 1690 intelligendus
395 1641 470 1676 est.
510 1663 566 1669 —-
605 1637 677 1679 Vs.
708 1638 735 1676 2
769 1630 907 1688 ἄκρας
936 1635 1069 1687 prima
1100 1634 1224 1686 longa
1253 1639 1371 1673 recte
1400 1633 1560 1674 habere

70 1709 260 1757 videtur,
297 1720 544 1760 quamquam
586 1708 626 1747 in
658 1713 801 1748 vetere
832 1706 1048 1747 comoedia
1085 1705 1188 1745 nihil
1219 1705 1318 1745 huic
1348 1706 1472 1763 plane
1502 1705 1560 1745 si-

71 1780 171 1820 mile
209 1779 386 1836 reperiri
423 1783 539 1831 puto.
605 1774 840 1832 Ἀγρόθεν
875 1778 1008 1831 prima
1049 1778 1173 1830 longa
1213 1777 1366 1817 dixisse
1395 1777 1562 1817 videtur

70 1851 250 1902 Alcaeus
281 1850 392 1903 apud
424 1850 690 1891 Macrobium
721 1852 808 1892 Sat.
841 1850 876 1891 V
908 1863 950 1902 p.
980 1847 1078 1889 559.
1149 1849 1233 1890 Sed
1262 1849 1442 1890 Alcaeus
1473 1861 1562 1889 me-

72 1923 166 1963 diae
196 1921 439 1962 comoediae
469 1923 640 1975 propior
658 1936 783 1975 quam
813 1923 1019 1974 antiquae.
1080 1920 1241 1960 Eadem
1271 1933 1466 1960 mensura
1496 1933 1562 1961 se-

71 1994 156 2035 mel
186 1993 486 2046 Aristophanes
515 1988 662 2048 ἀγρῶν
692 1995 810 2036 Avib.
833 1995 932 2043 579,
963 1993 1037 2033 sed
1067 1993 1109 2033 in
1140 1993 1374 2045 anapaestis
1406 1997 1449 2032 et
1474 1993 1561 2045 pri-

71 2078 141 2107 ma
167 2065 326 2118 syllaba
355 2065 399 2105 in
430 2064 541 2105 thesi
573 2067 722 2122 posita.
755 2092 809 2098 ——
841 2066 914 2107 Vs.
947 2065 974 2104 3
1005 2064 1256 2117 Spengclius
1287 2063 1477 2116 Append.
1510 2063 1563 2104 ad

71 2137 195 2179 Varr.
225 2150 267 2190 p.
298 2137 383 2176 622
424 2134 700 2194 nlafflekuzsswv.
771 2139 817 2178 Si
856 2138 995 2190 priora
1034 2140 1151 2175 recte
1191 2136 1345 2188 scripta
1384 2140 1480 2176 sunt
1520 2136 1562 2176 in

75 2207 197 2248 editi·
230 2207 429 2247 Prisciani
461 2210 790 2262 exemplaribus,
834 2208 1064 2262 putaverim
1096 2208 1236 2260 potius
1268 2202 1364 2247 ante
1394 2204 1563 2247 καθέλ-

74 2289 164 2318 κων
205 2277 407 2319 excidisse
445 2277 593 2320 ἕλκων.
664 2282 890 2335 Euripides
930 2279 1083 2319 Bacch.
1116 2279 1249 2319 1062:
1288 2275 1441 2330 λαβών
1479 2275 1564 2331 γὰρ

75 2343 233 2398 ἐλάτης
261 2342 470 2403 οὐράνιον
499 2345 635 2406 ἄκρον
662 2347 847 2403 κλάδον,
878 2349 1088 2403 κατῆγεν,
1115 2339 1234 2403 ἦγεν,
1262 2338 1368 2402 ἦγεν
1397 2342 1458 2398 εἰς
1486 2348 1563 2404 μέ-

78 2419 163 2461 λαν
192 2416 342 2462 πέδον.

686 2507 901 2549 CXXXIX
932 2522 968 2549 a.

273 2587 399 2646 Πρὸς
429 2587 509 2631 τοῦ
536 2585 743 2641 Σόλωνος
772 2594 848 2634 καὶ
877 2588 1123 2649 Δράκοντος
1153 2583 1246 2634 οἷσι
1276 2578 1383 2634 νῦν

267 2671 522 2731 φρύγουσιν
550 2673 637 2728 ἤδη
667 2675 746 2727 τὰς
774 2675 933 2735 κάχρυς
962 2679 1053 2728 τοῖς
1083 2674 1302 2736 κύρβεσιν.

195 2780 447 2826 Plutarchus
464 2783 551 2826 Sol.
568 2783 648 2825 25:
680 2781 807 2840 ἰσχὺν
837 2784 882 2827 δὲ
912 2784 1004 2834 τοῖς
1034 2781 1186 2840 νόμοις
1209 2783 1346 2827 πᾶσιν
1375 2779 1435 2834 εἰς
1464 2782 1563 2826 ἑκα-
