1786 3210
435 175 483 218 A
492 172 660 218 YTOA
666 173 703 218 Y
700 173 745 217 K
750 170 832 217 ΟΣ
845 173 846 176 ’
857 167 915 216 Α
926 196 927 199 =
943 170 1066 215 ΚΑΙ
1095 169 1164 217 B'.
1453 177 1538 221 441

58 289 316 336 λοπάδων
343 287 467 340 τοὺς
496 286 761 346 ἄμβωνας
791 283 1159 344 περιλείχειν,
1190 299 1240 328 ex
1270 294 1388 342 parte
1418 291 1544 335 affert

58 366 205 410 Aelius
250 364 473 417 Dionysius
513 362 721 404 Eustathii
763 375 805 415 p.
834 361 947 401 1636
992 359 1063 400 5⁰.
1100 353 1362 412 ”Αμβωνες;
1411 358 1546 418 λόφοι

58 432 175 492 ὀρῶν
203 435 279 476 καὶ
305 433 397 483 ἴτυς
425 432 550 474 πᾶσα
579 432 655 474 καὶ
684 424 782 472 οἷον
810 427 950 486 ὀφρύς
978 428 1054 470 καὶ
1085 424 1290 484 ὑπεροχή,
1319 429 1395 470 καὶ
1420 430 1545 486 χείλη

60 506 108 548 δὲ
145 502 367 556 λοπάδων,
405 496 502 545 οἷον
547 500 767 545 πολλῶν
809 497 917 551 ἤδη
961 496 1227 541 λοπάδων
1269 498 1396 550 τοὺς
1441 499 1546 557 ἄμ-

62 577 174 632 βων
187 592 248 626 ας
278 573 626 631 περιλείξας.
684 574 837 616 Attulit
865 574 970 613 haec
998 574 1080 613 iam
1112 573 1351 614 Dindorfius
1381 575 1550 629 Fragm.

66 651 195 693 Arist.
226 663 267 703 p.
284 650 327 690 7.
357 659 686 689 commemorans
718 645 817 686 item
848 644 1032 697 Etymol.
1062 645 1123 685 M.
1154 657 1194 697 p.
1226 645 1279 684 81
1314 647 1354 695 9,
1396 647 1467 687 ubi
1495 648 1552 688 si-

65 724 178 764 milia
208 723 417 776 leguntur.
478 720 639 761 Eodem
670 721 842 757 auctore
871 730 948 770 pro
979 710 1104 756 πόσω
1135 717 1282 768 scripsi
1311 714 1401 765 πῶς
1430 706 1480 771 ὦ,
1509 722 1552 761 et

64 789 152 844 ἤδη
181 792 340 834 inserui
371 805 421 832 ex
450 791 571 832 Aelio
603 789 802 842 Dionysio
835 793 877 828 et
907 787 1199 841 Etymologico
1230 788 1403 842 Magno.

791 939 847 980 ΙΙ.

320 1024 463 1078 Σκέλη
495 1024 541 1068 δὲ
570 1025 648 1067 καὶ
674 1021 863 1076 κωλῆνες
892 1019 1089 1065 εὐθύτου
1119 1022 1282 1081 ’ρι’ᾳου.

179 1142 423 1185 Athenaeus
463 1140 521 1181 lx
558 1154 600 1194 p.
631 1140 783 1181 368d:
835 1135 913 1178 καὶ
957 1135 1133 1186 κωλῆνα
1178 1137 1226 1178 δὲ
1263 1138 1441 1194 λέγουσι
1480 1141 1558 1184 καὶ

69 1210 225 1263 κωλῆν.
283 1207 479 1259 Εὔπολις
518 1206 760 1266 Αὐτολύκῳ
799 1207 942 1258 Σκέλη
982 1206 1030 1248 δὲ
1067 1209 1143 1249 καὶ
1182 1209 1273 1253 κτλ.
1330 1215 1403 1254 ΑΡ
1443 1209 1562 1256 εὐθὺ

72 1281 154 1324 τοῦ
194 1279 354 1340 ρόᾳου.
416 1282 491 1324 VL
521 1278 637 1320 εὐθὺ
667 1279 746 1321 τοῦ
777 1277 940 1340 ῥόθου.
1000 1281 1192 1324 Correxit
1231 1284 1441 1328 Iacobsius
1475 1289 1562 1330 Ad-

75 1356 150 1397 dit.
183 1356 236 1397 ad
266 1355 419 1397 Athen.
450 1367 492 1407 p.
524 1353 620 1394 198.

785 1480 861 1521 ΠΙ.

270 1561 548 1621 Ἕλλιμένιον
576 1559 606 1606 ὅ
633 1561 792 1605 δοῦναι
822 1564 929 1621 πρὶν
957 1557 1166 1618 εἴσβῆναί
1194 1579 1242 1607 σε
1273 1564 1352 1610 δεῖ.

0 1726 1 1734 ¹
190 1680 342 1721 Pollux
373 1681 431 1722 IX
462 1682 543 1721 3⁰:
573 1676 624 1720 τὸ
654 1678 776 1728 τέλος
806 1676 1071 1733 ἐλλιμένιον,
1101 1675 1159 1727 ὥς
1187 1676 1383 1731 Εὔπολις
1411 1680 1565 1725 Αὐτο-

0 1746 2 1791 l
78 1745 193 1808 λύκῳ
219 1748 497 1805 Ἐλλιμένιον
527 1746 557 1792 δ’
582 1749 741 1791 δοῦναι
769 1749 861 1793 κτλ.
922 1753 987 1793 Ne
1017 1752 1162 1792 ultima
1192 1754 1348 1806 syllaba
1379 1755 1420 1796 ln
1451 1754 1567 1797 ἐλλι-

80 1822 235 1878 μένιον
263 1824 340 1865 sub
371 1824 496 1865 ictum
528 1824 746 1864 metricum
777 1823 920 1874 cadat,
953 1824 1177 1865 delendum
1208 1826 1374 1867 videtur
1403 1819 1441 1870 ὅ.
1502 1830 1569 1872 De

79 1892 307 1952 ἐλλιμενὶῳ
336 1895 399 1937 cfr
429 1895 631 1937 Boeokhii
663 1896 765 1937 Oec.
796 1897 883 1937 Att.
917 1895 934 1936 1
965 1909 1005 1949 p.
1036 1896 1134 1937 343.

792 2021 866 2063 IV.

272 2100 329 2146 Τι’
357 2100 461 2155 δῆτ’
490 2099 562 2157 ἄν,
589 2097 633 2146 εἰ
657 2102 720 2161 μὴ
751 2101 802 2146 τὸ
834 2099 1031 2162 σκαφίον
1059 2101 1173 2164 αὐτῇ
1201 2103 1371 2163 παρῆν;

198 2218 349 2260 Pollux
377 2218 417 2260 X
444 2218 523 2260 45:
564 2217 728 2276 δίφρου
765 2214 815 2258 δ’
849 2213 908 2259 ἂν
947 2213 1087 2268 εἴποις
1125 2215 1181 2260 τὰ
1217 2214 1392 2261 λάσανα
1431 2218 1570 2278 εὐφη-

87 2283 288 2342 μότερον,
316 2287 394 2329 καὶ
420 2285 669 2344 διφρίσκου.
726 2287 781 2348 τῇ
811 2288 856 2330 δὲ
887 2290 1061 2343 γυναικὶ
1092 2290 1301 2345 σκαφίον,
1328 2289 1387 2342 ὠς
1416 2292 1464 2334 ἐν
1477 2292 1575 2336 Αὐ-

88 2356 255 2417 τολύκῳ
292 2355 487 2408 Εὔπολις
531 2358 586 2400 Τί
624 2357 724 2411 δῆτ’
766 2356 822 2401 ἂν
853 2358 946 2404 κτλ.
1019 2362 1080 2402 lta
1119 2376 1143 2402 e
1180 2362 1297 2404 libris
1336 2373 1571 2410 correctum

91 2432 202 2485 quod
243 2431 343 2472 olim
382 2431 602 2485 legebatur
639 2428 683 2471 τί
713 2429 757 2472 δ’
785 2421 842 2483 ἦν
870 2427 943 2475 ἄν,
1008 2434 1090 2473 Pro
1135 2430 1331 2489 σκαφίον
1367 2438 1437 2477 alii
1475 2439 1572 2481 libri

91 2497 299 2556 σκάφιον.
367 2503 503 2556 Loqui
539 2508 678 2545 autem
715 2506 883 2546 videtur
921 2505 974 2546 de
1015 2506 1195 2559 Lyconis
1238 2519 1368 2549 uxore
1408 2510 1573 2556 Rhodia

91 2574 224 2625 (nist.
258 2574 350 2615 orit.
380 2588 440 2627 p.
453 2575 577 2627 117),
617 2588 738 2628 quam
778 2577 969 2630 pulvinar
1007 2579 1399 2621 commaculaturam
1438 2582 1573 2625 fuisse

7 2686 8 2690 ,
94 2643 236 2685 (licere
263 2644 442 2696 videtur,
472 2647 550 2687 nisi
580 2648 734 2689 matula
763 2648 804 2688 ei
833 2648 876 2689 in
906 2654 1102 2702 promptu
1133 2649 1296 2691 fuisset.
1356 2651 1493 2694 Locus
1524 2668 1574 2696 ex

0 2692 12 2751 l
98 2713 244 2755 endem
274 2715 442 2758 rabulae
471 2722 590 2772 parte
621 2719 866 2773 desumptus
902 2720 1066 2759 videtur
1103 2734 1154 2761 ex
1184 2734 1264 2774 qua
1294 2722 1575 2777 Fragm.X11

99 2787 308 2827 servatum
343 2791 423 2829 est.
488 2790 687 2831 Ceterum
726 2793 876 2844 quibus
914 2791 1146 2832 rationibus
1184 2791 1268 2834 hoc
1295 2792 1576 2847 fragmentum
