1786 3210
686 162 738 204 Il
748 162 963 206 Y'l'lNH.
1481 169 1568 211 uo
1612 156 1619 159 ’

782 322 854 364 v1.

317 399 472 466 ’Ύδωρ
502 405 549 448 δὲ
579 403 722 448 πίνων
750 402 880 448 οὐδὲν
909 402 966 448 ἂν
996 407 1113 449 τέκοι
1144 404 1306 466 σοφόν.

183 512 372 564 Servavit
401 524 514 565 hunc
532 537 697 565 versum
712 528 871 566 auctor
898 525 1207 579 epigrammatis
1229 526 1339 580 apud
1354 526 1509 569 Athen.
1526 525 1566 568 11

72 607 115 650 p.
148 594 202 635 89
229 608 275 635 c:

189 654 320 714 Οἶνός
348 677 421 706 τοι
441 662 642 721 χαρίεντι
671 665 793 707 πέλει
823 662 957 721 ταχὺς
985 660 1123 716 ἵππος
1153 664 1314 726 ἀοιδῷ·

297 729 416 793 ὕδωρ
447 736 494 778 δὲ
524 734 667 779 πίνων
697 733 830 779 οὐδὲν
861 732 917 778 ἂν
946 737 1064 780 τέκοι
1094 735 1253 795 σοφόν.

190 803 331 850 Ταῦτ’
363 805 522 863 ἔλεγεν,
553 805 752 861 Διόνυσε,
782 809 860 851 καὶ
891 806 1042 853 ἔπνεεν
1072 808 1153 866 οὐχ
1183 809 1277 861 ἑνὸς
1307 808 1447 853 α’σκοῦ

303 880 536 935 Κρατῖνος,
568 878 685 922 ἀλλὰ
717 877 887 931 παντὸς
915 878 1105 932 ω’δωὸώς
1134 879 1295 926 πίθον.

68 951 118 993 V.
152 951 261 994 Hist.
293 953 384 994 crit.
415 967 458 1008 p.
487 953 559 995 47.
590 955 663 995 48.
730 955 993 996 Fritzschius
1025 970 1067 1010 p.
1098 957 1181 997 271
1227 957 1352 997 etiam
1384 956 1566 1010 primum

68 1023 378 1077 epigrammatis
409 1038 577 1066 versum
609 1040 659 1068 ex
690 1027 862 1068 Cratino
893 1027 1184 1086 adumbratum
1215 1028 1473 1082 suspicatur,
1504 1031 1567 1068 at-

67 1107 149 1148 que
179 1100 347 1150 poetam
385 1097 445 1138 ita
479 1096 574 1138 fere
616 1099 838 1152 scripsisse
878 1099 1111 1150 existimat,
1155 1087 1275 1148 οἶνος
1304 1096 1469 1157 ποιητῇ
1497 1097 1564 1152 γεῖ

69 1178 197 1218 γονεν
224 1162 284 1216 ὥς
313 1161 451 1217 ἵππος
480 1164 627 1224 ταχύς.
698 1172 817 1224 Quae
853 1171 977 1211 valde
1015 1171 1175 1212 incerta
1215 1173 1457 1213 coniectura
1488 1176 1566 1213 est.

69 1239 225 1296 Notum
252 1240 359 1281 illud
388 1242 555 1283 Horatii
586 1242 735 1284 Prisco
764 1243 805 1283 si
835 1243 994 1294 credis,
1032 1242 1240 1284 Macenas
1270 1244 1418 1295 docte,
1462 1243 1566 1285 Cra-

69 1311 188 1361 tino,
218 1310 353 1354 Nulla
373 1313 550 1371 placere
579 1314 656 1355 diu
685 1328 763 1355 nec
793 1315 937 1355 vivere
969 1317 1163 1356 carmina
1184 1321 1382 1369 possunt.
1448 1315 1567 1368 Quae

66 1382 311 1424 scribuntur
340 1398 478 1439 aquae
497 1386 749 1440 potoribus,
779 1387 914 1440 Epist.
950 1387 966 1427 l
999 1387 1068 1427 19.
1131 1388 1338 1428 Convenit
1369 1389 1470 1428 item
1500 1388 1566 1429 in-

69 1455 175 1495 certi
206 1457 388 1496 auctoris
419 1470 564 1498 versus
595 1471 768 1509 scazon,
799 1453 879 1498 οὐκ
910 1453 1006 1498 ἔστι
1038 1454 1329 1514 διθύραμβος
1357 1454 1415 1509 ἢν
1447 1450 1568 1515 ὕδωρ

51 1521 173 1582 ’πίνῃ
203 1523 314 1580 apud
343 1527 519 1582 Diogen.
543 1529 622 1572 Vll
654 1530 725 1570 39.
757 1531 895 1582 Atque
926 1535 973 1571 ut
1003 1545 1101 1572 vera
1133 1545 1229 1572 esse
1261 1544 1369 1584 quae
1400 1531 1564 1572 dixerat

67 1598 263 1640 Cratinus
306 1598 461 1641 illustri
503 1601 694 1655 exemplo
744 1602 1078 1654 demonstraret,
1137 1604 1304 1645 videtur
1350 1603 1393 1644 in
1441 1617 1567 1645 scena

67 1671 358 1724 praesentibus
398 1673 540 1715 amicis
571 1673 832 1727 praeclarum
871 1674 1040 1727 aliquod
1081 1689 1250 1716 carmen
1291 1675 1474 1725 fudisse,
1513 1675 1566 1716 ad

31 1755 40 1761 ·
67 1743 185 1783 cuius
216 1742 474 1785 divinitatem
507 1746 823 1800 obstupefactus
847 1747 1075 1787 amicorum
1101 1748 1251 1800 aliquis
1283 1761 1332 1788 ea
1363 1747 1567 1788 exclamat

67 1828 175 1869 quae
219 1817 413 1868 sequenti
458 1816 694 1871 fragmento
740 1818 953 1871 leguntur.
1038 1819 1126 1861 cfr.
1170 1819 1431 1861 Fritzschius
1475 1819 1504 1860 l.
1536 1819 1589 1860 l.1

44 1892 106 1942 '‘p.
138 1887 222 1928 274
254 1891 298 1928 et
329 1889 531 1943 Bergkius
563 1889 798 1932 Comment.
831 1904 872 1945 p.
904 1890 1006 1932 204.

765 2034 859 2077 Vll.

229 2112 381 2170 ’Ἀναξ
402 2113 653 2171 ”Απολλον,
682 2117 772 2160 τῶν
802 2118 922 2162 ἐπῶν
953 2118 1041 2161 τῶν
1070 2114 1318 2178 ῥευμάτων.

237 2203 483 2260 καναχοῦσι
513 2194 670 2260 πηριαί,
701 2202 1059 2266 δωδεκάκρουνον
1090 2204 1141 2246 τὸ
1173 2201 1336 2260 στόμα,

234 2287 434 2341 Ἴλισσὸς
464 2290 511 2333 ἐν
540 2290 595 2350 τῇ
624 2288 819 2349 φάρυγι·
852 2291 896 2334 τί
928 2288 985 2333 ἂν
1015 2288 1186 2346 εἴποιμί
1216 2305 1309 2344 σοις

240 2372 283 2418 εἰ
307 2374 370 2431 μὴ
401 2374 485 2433 γὰρ
515 2374 718 2431 ἐπιβὺσει
749 2393 815 2428 τις
845 2374 984 2419 αὐτοῦ
1017 2374 1066 2418 τὸ
1099 2373 1262 2432 στόμα,

238 2458 422 2505 ἅπαντα
452 2462 597 2505 ταῦτα
626 2461 894 2506 κατακλύσει
925 2461 1188 2520 ποιήμασιν.

186 2579 422 2622 Scholiasta
453 2580 745 2635 Aristophanis
774 2581 883 2634 Equ.
914 2580 1023 2622 523:
1063 2577 1189 2620 δοκεῖ
1223 2575 1271 2618 δέ
1309 2588 1388 2630 μοι
1430 2570 1565 2628 ’.Αρι-

0 2664 10 2685 ⁹
76 2646 302 2706 ΰῐοφάνης
331 2647 416 2709 ἀφ’
452 2642 518 2692 ὦν
546 2641 640 2693 εἶπε
671 2650 896 2707 Κρατῖνος
925 2651 1025 2708 περὶ
1063 2645 1206 2691 αὑτοῦ
1233 2641 1565 2705 μεγαληγορῶν,

5 2767 8 2783 ι
76 2713 168 2761 ἀπὸ
200 2718 366 2765 τούτων
404 2724 483 2766 καὶ
523 2719 659 2783 αὐτὸς
694 2721 777 2775 τὴν
805 2721 977 2782 τροπὴν
1017 2724 1224 2775 (torrenti
1252 2721 1400 2776 rapido
1431 2719 1566 2762 Grati-

0 2836 8 2874 ῆ,
76 2790 175 2836 afim
206 2800 437 2852 comparat)
464 2791 707 2855 εἰληφέναι.
768 2793 792 2838 ὁ
825 2793 908 2854 γὰρ
943 2795 1164 2853 Κρατῖνος
1193 2787 1309 2835 οὕτω
1341 2807 1432 2840 πως
1463 2787 1567 2831 ἑαυ-

0 2902 11 3162 ἒ

0 3165 37 3210 ὴ,
