1786 3210
270 168 356 224 528
839 176 1148 227 uuPoLnns

272 295 370 347 „bei
400 292 679 349 Gelegenheit
709 294 784 337 des
813 295 1014 339 Phormio
1044 297 1198 352 gethan
1236 298 1393 341 hatten.
1461 300 1548 342 Der
1574 302 1755 347 Schuld·

272 379 379 419 „ner
407 367 549 408 wurde
590 365 802 407 nehmlich
831 368 892 409 als
917 364 1156 422 ἐργολάβος
1193 369 1297 410 oder
1336 370 1580 425 redemptor
1614 377 1755 429 operis

270 436 372 490 „fiir
400 438 494 478 eine
524 437 843 490 Bagatellsache
872 440 1141 493 aufgestellt,
1168 442 1269 481 ‘und
1299 446 1640 499 contractmiissig
1666 447 1756 488 ihm

270 510 376 561 „der
406 510 560 561 Betrag
590 508 666 547 der
691 508 848 549 Schuld
878 510 937 550 als
967 511 1239 565 bedungener
1262 513 1380 553 Lohn
1411 505 1616 567 gegeben.
1656 516 1755 558 Dies

273 581 356 631 „ist
395 580 467 619 das
505 576 712 618 ἐκδοῦναι
748 580 818 619 bei
849 580 1070 631 Plutarch3
1110 583 1166 622 im
1206 583 1338 624 schol.
1380 585 1589 637 Aristoph.
1626 585 1757 627 heisst

274 663 350 701 „es
389 643 697 702 ἀπομισθοῦν.
727 648 767 700 *)
835 651 929 691 Wie
958 652 1260 693 Demosthenes
1291 654 1357 694 die
1386 654 1442 694 50
1473 655 1652 697 Talente
1679 661 1756 710 pru

270 720 435 772 „forma
476 720 606 761 durch
645 722 733 761 Bau
773 721 888 762 eines
919 722 1055 763 Altars
1092 723 1162 763 fiir
1201 726 1313 765 Zeus
1350 725 1474 766 Soter
1511 727 1669 778 abliist,
1707 741 1755 770 so

272 792 467 844 „scheint
505 792 735 832 Phormion
774 793 869 832 eine
906 793 1108 848 Leistung
1144 809 1194 836 an
1237 795 1319 836 den
1358 796 1583 849 Dionysos,
1623 799 1756 839 wahr-

271 862 532 914 „scheinlich
572 863 639 903 ein
669 863 829 903 kleines
861 864 1014 916 Opfer‚
1054 866 1233 906 welches
1268 867 1312 906 in
1343 867 1588 920 Entreprise
1626 882 1756 922 gege-

270 934 382 984 „ben
411 932 576 983 wurde,
612 932 911 975 iibernommen
944 948 995 976 zu
1025 937 1184 987 haben3
1224 937 1309 977 und
1351 950 1398 978 so
1439 938 1631 993 schreibe
1659 940 1754 982 ich:

270 999 324 1056 „6
356 1001 403 1042 δὲ
434 1000 573 1056 δῆμος
603 999 873 1058 βουλόμενος
901 1003 1034 1046 λῦσαι
1070 1004 1153 1057 τὴν
1183 1002 1392 1061 ἀτιμίαν,
1429 1003 1754 1062 ἀπεμίσθωσεν

270 1071 420 1130 ,,αὐτῷ
458 1072 547 1113 τῶν
584 1069 620 1128 ρ’
657 1074 780 1128 μνῶν
819 1074 1036 1129 [θυσίαν]
1075 1076 1162 1118 τοῦ
1198 1075 1459 1121 Διονύσου.”
1530 1082 1755 1124 Veri-sima

269 1147 377 1187 haec
406 1151 528 1199 put03
560 1159 697 1198 neque
727 1161 750 1187 a
780 1150 1072 1201 probabilitate
1103 1151 1300 1191 abhorret
1329 1153 1463 1204 ipsum
1494 1150 1598 1192 illud
1626 1155 1755 1193 sacri-

271 1217 413 1257 ficium
451 1230 474 1256 a
515 1216 768 1258 Phormione
810 1219 995 1272 Dionyso
1034 1223 1218 1261 oblatum
1256 1223 1300 1261 in
1339 1235 1483 1262 caussa
1522 1218 1674 1273 fuisse,
1704 1228 1754 1264 ut

270 1287 447 1340 Eupolis
478 1288 766 1328 mollissimum
798 1289 922 1330 deum
953 1290 1168 1343 fortissimi
1201 1293 1316 1332 ducis
1348 1298 1480 1333 castra
1510 1299 1756 1345 sequentem

272 1359 447 1411 eiusque
478 1358 719 1411 disciplinae
750 1373 844 1400 sese
874 1362 1110 1402 tradentem
1149 1363 1380 1406 induceret.
1449 1365 1647 1406 Ceterum
1683 1378 1756 1406 ex-

270 1430 388 1470 hibui
414 1430 552 1469 locum
583 1431 804 1482 Eupolidis
848 1436 895 1472 ut
925 1434 1102 1485 scriptus
1134 1439 1197 1474 est
1227 1436 1336 1487 apud
1366 1435 1632 1476 scholiastam
1662 1437 1757 1477 Ari-

271 1501 510 1554 ·tophanis,
540 1501 718 1541 indicata
747 1503 855 1542 inter
886 1499 1072 1557 φύγοιμι
1103 1511 1145 1545 et
1177 1501 1390 1557 στιβάδος
1418 1507 1578 1548 lacuna.
1643 1508 1753 1548 For-

269 1575 383 1612 tasse
412 1567 566 1620 κοίτην
597 1573 749 1612 excidit
780 1575 846 1614 vel
877 1575 1013 1615 simile
1044 1576 1155 1627 quid.
1229 1577 1386 1618 Sensus
1423 1578 1533 1617 enim
1571 1589 1664 1618 esse
1692 1578 1754 1618 vi-

272 1642 419 1683 detur:
461 1656 513 1682 ex
551 1656 631 1697 quo
667 1644 774 1684 cibis
802 1659 869 1686 me
899 1647 1186 1700 ingurgitavi,
1225 1662 1279 1689 ne
1309 1649 1554 1689 durissimos
1584 1648 1755 1702 quidem

272 1712 372 1755 belli
400 1712 565 1755 labores
595 1714 800 1756 detrecto.

994 1841 1046 1882 V.

479 1918 570 1964 Οὐκ
597 1917 655 1973 ἢν
684 1903 887 1981 φολάττῃ
917 1920 964 1977 y'
994 1914 1078 1964 αἵδ’
1111 1921 1221 1979 ἔχων
1249 1922 1331 1976 τὴν
1361 1922 1545 1970 ἀσπίδα.

384 2037 560 2078 Ριιοιῑιιι
588 2051 631 2090 p.
662 2038 746 2078 658
787 2040 844 2078 20
884 2041 927 2078 et
957 2038 1105 2079 Suidas
1143 2052 1182 2079 v.
1209 2028 1295 2077 ὦδε
1326 2039 1371 2079 11
1397 2053 1437 2092 p.
1470 2042 1576 2082 658:
1616 2038 1667 2081 τὸ
1705 2032 1754 2081 δὲ

270 2098 410 2154 οὕτως
449 2105 496 2146 ἐν
533 2108 624 2155 τοῖς
664 2103 884 2156 πλείστοις
922 2106 1062 2157 δηλοῖ.
1121 2103 1315 2157 Εὔπολις
1357 2106 1619 2166 Ταξιάρχοις
1663 2106 1753 2152 Οὔκ

278 2171 337 2227 ἢν
366 2175 458 2220 κτλ.
517 2179 721 2222 Videntur
738 2180 999 2221 Phormioni·
1029 2180 1154 2219 verba
1184 2193 1276 2220 esse
1304 2181 1514 2223 Bacchum
1544 2172 1762 2226 armorum'

280 2249 594 2293 tractandorum
624 2255 755 2293 artem
786 2251 986 2293 docentis.
1046 2250 1122 2293 Cfr
1151 2252 1262 2293 nist.
1292 2252 1384 2294 crit.
1414 2266 1457 2308 p.
1488 2255 1587 2296 144.

979 2410 1052 2453 Vl.

386 2499 690 2543 Grammaticus
730 2500 911 2543 Bekkeri
951 2502 1109 2543 Anecd.
1153 2516 1195 2556 p.
1235 2503 1333 2544 327.
1392 2496 1747 2557 Ἀγκυρίσαςτ

271 2566 456 2626 κάμψας
485 2566 565 2611 τὸν
593 2565 725 2612 πόδα.
786 2568 936 2625 σχῆμα
966 2569 1014 2611 δέ
1043 2570 1137 2612 ἐστι
1166 2567 1499 2628 παλαιστρικόν.
1557 2566 1750 2620 Εὔπολις

364 2718 397 2763 ⁸)
428 2717 707 2763 Comparandum
736 2714 804 2753 ἀπὸ
828 2716 1073 2762 μισθωμάτων
1108 2717 1226 2759 θύειν,
1250 2718 1342 2762 quod
1376 2717 1419 2752 de
1444 2717 1623 2752 sacrificiis
1647 2716 1743 2752 eius—-

271 2777 364 2813 modi
387 2779 531 2814 solenne
554 2778 635 2813 fuit.
683 2779 724 2813 V.
751 2777 1018 2813 Grammaticum
1044 2778 1151 2815 Bekk.
1174 2778 1306 2813 Anecd.
1330 2789 1365 2824 p.
1390 2779 1461 2815 207
1483 2780 1506 2815 6
1531 2782 1567 2814 et
1589 2778 1660 2814 432
1684 2779 1718 2812 l.
