1786 3210
241 191 326 233 348
601 221 608 230 x
699 214 702 218 ·
755 189 1186 234 ‘PHEREGRATis

241 300 402 359 πρίνου
441 301 609 360 καρπὸς
643 302 841 345 καλεῖται
878 299 965 344 ὑπὸ
1003 302 1091 344 τῶν
1132 301 1361 356 παλαιῶν,
1399 298 1593 358 βάλανος
1620 301 1670 344 δὲ
1697 299 1723 344 ὁ

242 373 321 425 τῆς
367 371 510 431 δρυός.
576 375 672 416 Καὶ
721 372 800 423 τὰς
851 402 908 408 —-
957 371 1189 431 περιόντας
1253 370 1536 430 Φερεκράτης.
1606 374 1724 416 Idem

241 461 284 501 p.
313 447 398 488 475
429 449 508 494 12:
552 442 777 502 Ἀχροέδας
818 441 896 493 τὰς
927 442 1136 502 άχέρδους
1166 446 1369 499 λέγουσιν
1397 472 1454 478 -
1482 443 1559 486 καὶ
1587 439 1722 500 ἀχρά-

240 515 332 558 δων
359 513 624 571 μνημονεύει
658 511 946 571 Φερεκράτης.
1014 519 1076 559 De
1107 515 1340 573 περιόντας
1365 532 1442 572 pro
1473 510 1723 571 περιϊόντας

239 589 336 629 vide
374 589 611 629 Dobraeum
651 589 703 629 ad
743 589 869 629 Arist.
901 589 1030 641 Vesp.
1063 590 1189 631 1020.
1257 592 1395 642 Atque
1432 589 1489 629 ita
1526 588 1652 628 etiam
1678 586 1723 628 in

240 660 429 701 oratione
460 659 608 709 soluta,
639 673 677 700 v.
697 673 733 700 c.
763 658 874 712 apud
904 658 1228 712 Xenophontem
1257 661 1372 702 Heu,
1406 657 1467 702 111
1495 661 1523 701 2
1552 658 1622 712 25,
1652 658 1723 700 ubi

180 718 182 721 ’
242 730 527 772 Schneiderus
557 730 681 771 affert
712 729 904 783 Thucyd.
936 730 955 770 1
985 730 1054 771 30.

902 852 1055 895 XXVI.

353 939 658 980 Grammaticus
701 937 883 979 Bekkeri
925 938 1084 980 Anecd.
1128 953 1170 992 Ρ.
1200 939 1285 979 379
1325 941 1374 981 1:
1432 932 1629 979 Πλάτων
1673 934 1721 978 δὲ

235 1005 596 1050 ἀλλοκοτώτατον
642 1009 718 1049 καὶ
762 1005 1110 1065 ἀλλοκοτώτερον
1148 999 1266 1061 εἶπε,
1315 1010 1392 1051 καὶ
1446 1005 1723 1085 Φερεκράτης

237 1076 438 1121 ἀλλοκό
453 1094 550 1130 τως
578 1077 941 1136 ἐπιρρηματικως.

898 1204 1073 1246 XXVII.

352 1289 654 1329 Grammaticus
684 1290 865 1329 Bckkeri
895 1289 1053 1331 Anecd.
1084 1302 1125 1342 p.
1158 1288 1242 1328 383
1272 1288 1342 1329 30.
1366 1283 1432 1328 ‘A
1443 1285 1535 1328 λιῶ
1544 1295 1587 1337 gf:
1617 1283 1720 1329 ἀντὶ

182 1389 187 1394 ·
237 1356 319 1401 τοῦ
343 1354 510 1406 ἁλιέως.
574 1354 863 1414 Φερεκράτης.
939 1360 1032 1401 Alia
1062 1360 1251 1412 exempla
1280 1361 1418 1400 attulit
1446 1352 1719 1401 Buttmannus

237 1432 422 1481 Gramm.
460 1443 567 1471 max.
599 1431 617 1470 l
646 1444 689 1484 p.
721 1432 805 1472 198
844 1435 887 1471 et
917 1430 1235 1484 T11.Bergkius
1276 1432 1508 1472 Comment.
1547 1445 1590 1485 p.
1599 1432 1716 1472 297.

237 1503 397 1556 Quibus
427 1502 535 1541 adde
556 1495 783 1553 Αἰγιαλοῖς
813 1515 887 1556 pro
911 1494 1158 1554 Αἰγιαλέως
1187 1515 1237 1542 ex
1269 1503 1484 1556 Hesychio
1515 1502 1534 1543 1
1563 1516 1604 1557 p.
1619 1502 1716 1543 139.
1757 1525 1760 1526 ⁷

235 1567 486 1627 Αἰγιαλως;
517 1565 617 1611 ἀντὶ
647 1569 726 1612 τοῦ
755 1566 1016 1625 Αἰγιαλέως,
1046 1568 1241 1620 ἀττικῶς.

878 1696 1074 1739 XXVIII.

350 1784 652 1827 Grammaticus
698 1785 880 1827 Bekkeri
922 1786 1080 1829 Anecd.
1125 1799 1167 1839 p.
1197 1785 1279 1827 401
1313 1787 1388 1828 18:
1447 1780 1722 1839 ’ᾼνεψιαδοῖ

232 1851 583 1913 Ἀριστοφάνης,
612 1854 689 1895 καὶ
706 1851 1076 1910 ,ἀνεψιαδοῦς
1110 1853 1395 1913 Φερεκράτης,
1425 1856 1502 1897 καὶ
1523 1850 1714 1912 ’Ἕρμιπ-

234 1941 317 1977 πος
345 1924 632 1982 ἀνεψιαδοῦς.
703 1928 791 1969 Cfr.
823 1928 1136 1970 Schoemannus
1163 1929 1216 1970 ad
1246 1930 1409 1971 Isaeum
1438 1942 1481 1982 Ρ.
1510 1929 1595 1970 455
1625 1942 1712 1983 sqq.

885 2063 1038 2104 XXIX.

347 2145 651 2188 Grammaticus
689 2147 869 2187 Bekkeri
912 2148 1071 2189 Anecd.
1114 2161 1158 2201 p.
1187 2146 1270 2188 451
1302 2146 1371 2188 15.
1426 2141 1711 2198 ’Λσελγέςε

232 2213 324 2258 πᾶν
352 2211 404 2256 τὸ
434 2213 634 2271 σφοδρὸν
663 2216 739 2256 καὶ
767 2213 931 2271 βίαιον.
963 2244 1018 2250 -—
1047 2218 1123 2258 καὶ
1138 2212 1438 2274 ,(Ρερεκράτης·
1470 2207 1527 2256 οἴ
1531 2229 1590 2256 ον
1619 2212 1712 2262 aih

232 2283 600 2350 τόπνιγοςιώς
629 2284 867 2342 ἀσελγὴς
897 2286 1010 2343 φησι
1040 2303 1139 2333 που.
1186 2291 1304 2333 Haec
1334 2290 1424 2331 aliis
1455 2287 1713 2352 emendanda

233 2360 439 2414 relinquo.

913 2447 1044 2487 XXX.

457 2528 661 2580 Ἀτόπως
690 2531 890 2584 καθίζων
920 2530 1048 2576 κούδὲ
1079 2530 1333 2588 γιγνώσκειν
1362 2531 1513 2574 δοκῶν.

347 2647 650 2687 Grammaticus
681 2647 860 2687 Bekkeri
888 2648 1046 2689 Anecd.
1077 2663 1118 2701 p.
1150 2649 1234 2688 460
1267 2650 1345 2688 1⁰:
1383 2645 1458 2686 καὶ
1488 2639 1710 2692 ἀτόπως

233 2712 284 2757 τὸ
327 2710 572 2766 ἀσυνήθως
614 2715 691 2756 καὶ
739 2712 1034 2772 ἄνεπιφάτως.
1119 2712 1370 2765 Ἀτόπως
1413 2743 1469 2749 -
1512 2713 1708 2767 δοκῶν,

236 2786 351 2843 φησὶ
385 2781 672 2843 Φερεκράτης.
742 2790 807 2831 Ex
836 2789 1056 2844 Eupolidis
1086 2788 1246 2832 Marica
1274 2789 1385 2830 idem
1408 2794 1560 2830 'versus
1585 2787 1710 2830 affer-
