1786 3210
655 192 1038 236 ΜΕΤΑΛΑΗΣ.
1442 176 1445 177 ’
1508 196 1592 237 307

106 308 329 364 psxmx.
392 308 494 349 Nam
526 307 637 362 quod
670 308 915 361 Aeschylus,
946 313 1070 361 poeta
1097 307 1331 349 Sicularum
1363 307 1591 351 formarum

107 380 459 430 studiosissimus,
499 393 550 420 eo
588 391 688 420 usus
726 383 789 419 est
821 379 1035 419 Prometh.
1066 380 1170 429 636,
1197 378 1300 419 nihil
1330 379 1482 419 mirum
1513 386 1590 421 ent.

31 448 34 452 ⁴
107 451 192 492 Sed
223 451 462 491 meminisse
493 451 615 491 decet
644 451 687 491 in
719 449 807 490 eius
837 449 1006 492 fabulae
1035 449 1280 504 fragmentis
1310 462 1386 490 nos
1419 450 1588 500 versari,

108 534 231 574 quam
269 523 592 571 Eratosthenes,
639 522 1046 573 intelligentissimus
1089 522 1237 561 harum
1275 533 1416 561 rerum
1453 520 1591 570 index,

107 590 351 633 Pherecrati
382 593 695 633 abiudicandam
728 597 770 632 et
794 594 1047 633 Nicomacho
1079 592 1340 633 tribuendam
1372 605 1463 632 esse
1493 605 1591 632 cen-

107 665 204 704 suit.
263 665 312 706 V.
344 664 456 704 Hist.
488 665 580 704 crit.
613 678 653 718 p.
672 665 740 703 69.
802 664 958 704 Contra
988 665 1312 719 Eratosthenem
1342 676 1476 716 nuper
1507 661 1592 704 dis-

106 734 264 787 putavit
296 734 377 774 Th.
409 735 613 787 Bergkius
655 736 889 775 Comment.
921 749 961 788 p.
993 737 1077 775 288
1107 749 1195 788 sqq.
1242 748 1323 775 non
1363 736 1414 775 iis
1453 738 1591 775 tamen

106 806 360 858 argumentis
399 818 522 855 usus,
561 807 710 858 quibus
750 806 924 846 multum
967 807 1232 858 tribuendum
1273 809 1430 858 putem.
1496 805 1592 846 Hoc

106 881 222 916 certe
252 877 395 929 negari
426 890 506 917 non
544 881 682 930 potest
718 877 761 917 in
792 878 934 930 paucis
965 878 1088 917 huius
1118 877 1285 917 fabulae
1331 877 1591 930 fragmentis,

106 948 351 1000 praesertim
381 947 423 987 in
454 949 644 999 longiore
674 949 747 988 illo
779 949 890 1001 quod
912 949 1044 1001 primo
1075 949 1168 988 loco
1201 948 1381 996 exhibui,
1412 946 1591 1000 plurima

106 1018 303 1071 reperiri,
341 1032 448 1071 quae
488 1019 685 1068 dictioni,
727 1031 806 1071 qua
838 1024 1001 1058 veteres
1034 1020 1180 1059 comici
1211 1019 1274 1059 usi
1306 1025 1423 1067 sunt,
1461 1017 1592 1058 vehe-

51 1076 59 1080 ’
106 1095 269 1130 menter
309 1095 555 1143 repugnant.
626 1091 733 1132 Vide
775 1103 881 1142 quae
913 1090 964 1129 ad
997 1104 1054 1130 vs.
1085 1091 1112 1129 2
1153 1089 1327 1129 diximus
1360 1089 1413 1128 de
1442 1081 1594 1142 ἐῖργα-

106 1159 266 1213 σμένος
297 1173 422 1201 sensu
453 1161 628 1214 passivo,
660 1176 718 1202 vs.
739 1161 793 1201 15
825 1162 878 1201 de
909 1161 1186 1214 productione
1217 1162 1375 1213 primae
1408 1161 1593 1213 syllabae

106 1234 148 1273 in
179 1227 388 1286 ἀτμίζων,
427 1246 486 1272 vs.
517 1233 572 1272 18
612 1232 663 1273 de
693 1227 853 1285 you-an
891 1246 967 1285 pro
998 1227 1197 1284 γάλακτι,
1235 1246 1294 1272 vs.
1325 1222 1398 1272 21³
1426 1232 1479 1272 de
1517 1243 1592 1271 κο-

105 1301 296 1356 λυμβᾶν,
326 1317 386 1343 vs.
417 1303 473 1343 28
505 1304 558 1342 de
589 1304 756 1343 nomine
787 1299 1043 1363 τρίχαπζον,
1074 1317 1132 1343 vs.
1153 1305 1207 1344 29
1239 1304 1291 1343 de
1322 1304 1591 1356 correptione

105 1375 291 1428 syllabae
330 1378 426 1415 aute
452 1366 603 1428 ῥόδα,
635 1375 816 1427 (leuique
845 1375 1013 1428 Fragm.
1050 1374 1109 1414 lll
1140 1374 1193 1414 «le
1222 1369 1363 1420 εὐθὺς
1393 1387 1486 1414 cum
1517 1386 1592 1428 ge-

105 1447 233 1488 nitivo
271 1459 347 1499 pro
387 1439 516 1485 εὐθύ.
594 1447 782 1497 Quorum
820 1458 946 1498 quum
989 1446 1069 1485 alia
1113 1459 1162 1486 ex
1198 1446 1359 1498 vulgari
1398 1447 1592 1498 dialecto,

105 1531 227 1572 quam
258 1512 633 1571 ὑπαγροικοτέραν
663 1516 966 1569 Aristophanes
997 1516 1120 1566 dicit,
1153 1517 1337 1558 derivata
1366 1519 1472 1568 sint,
1513 1519 1594 1560 alia

104 1595 244 1631 autem
275 1589 326 1630 ad
357 1589 608 1641 tragicorum
635 1589 850 1640 poetarum
880 1587 1154 1628 imitationem
1176 1573 1327 1628 *efficta
1360 1590 1593 1639 videantur,

27 1673 34 1683 '
105 1663 205 1704 satis
235 1660 503 1713 intelligitur,
534 1663 747 1699 auctorem
778 1659 927 1700 horum
961 1671 1154 1699 versuum
1184 1660 1296 1699 varia
1327 1660 1492 1699 dicendi
1520 1673 1595 1714 ge-

108 1745 219 1774 nera
239 1744 386 1785 parum
417 1735 610 1770 accurate
642 1731 891 1771 distinxisse.
962 1730 1084 1782 Quod
1128 1734 1268 1769 autem
1297 1731 1339 1770 in
1371 1731 1459 1771 aliis
1491 1743 1594 1783 quo-

107 1817 189 1858 que
219 1803 386 1852 fabulis,
418 1815 519 1854 quas
550 1814 671 1841 nemo
697 1814 875 1854 unquam
907 1802 948 1842 in
980 1801 1260 1853 suspicionem
1283 1802 1456 1851 vocavit,
1482 1801 1595 1841 Phe-

106 1879 310 1916 recratem
349 1875 483 1914 minus
522 1873 672 1913 usitata
709 1873 901 1925 posuisse
942 1872 1147 1925 Bergkius
1193 1872 1315 1921 dicit,
1359 1872 1401 1911 id
1449 1883 1594 1912 verum

104 1944 273 2000 quidem
314 1948 379 1985 est
416 1946 547 1995 (nist.
576 1946 667 1985 crit.
699 1958 739 1997 p.
772 1945 873 1995 67):
913 1944 987 1983 sed
1026 1944 1227 1997 pleraque
1267 1948 1405 1984 tamen
1447 1955 1593 1984 eorum

106 2029 214 2071 quae
253 2017 392 2056 attulit
431 2016 494 2057 vir
533 2016 828 2064 amicissimus,
867 2027 1011 2067 parum
1052 2020 1146 2068 apta
1190 2018 1287 2055 sunt
1326 2015 1377 2054 ad
1408 2014 1450 2054 id
1482 2013 1595 2066 quod

104 2089 235 2128 voluit
276 2088 658 2128 demonstrandum.
738 2088 800 2127 Ex
839 2086 921 2126 hoc
960 2099 1118 2139 genere
1157 2089 1220 2126 est
1257 2079 1501 2134 Ἀθηναῖοι
1540 2085 1594 2124 de

105 2160 197 2200 cive
225 2159 362 2200 Attica
392 2162 435 2198 et
464 2153 627 2206 ἀλήθω
658 2170 734 2211 pro
766 2158 934 2210 antiqua
964 2156 1098 2197 forma
1122 2151 1248 2206 ἆλέω,
1282 2169 1459 2209 quorum
1488 2154 1593 2195 illud

107 2229 161 2270 de
200 2228 425 2279 industria,
464 2231 640 2269 alterum
672 2231 810 2268 autem
842 2229 965 2280 plane
998 2241 1081 2268 non
1112 2228 1330 2280 scripsisse
1361 2227 1593 2268 Pherecra-

106 2305 192 2340 tem
231 2311 307 2339 suo
347 2299 438 2339 loco
479 2293 866 2339 demonstravimus
943 2298 1034 2337 Alia
1072 2311 1197 2349 porro
1239 2297 1444 2337 eiusmodi
1484 2299 1594 2344 sunt,

107 2375 154 2411 ut
195 2382 321 2423 quum
360 2369 475 2411 lusus
516 2370 709 2420 risusque
747 2380 891 2407 caussa
931 2368 1027 2406 ficta
1069 2368 1174 2415 sint,
1213 2366 1315 2406 nihil
1357 2366 1514 2405 habent
1550 2364 1593 2405 in

107 2454 188 2496 quo
219 2441 311 2493 quis
341 2441 491 2480 merito
523 2438 720 2479 offendat.
783 2439 884 2491 Quis
916 2440 1024 2478 enim
1060 2439 1156 2478 vitio
1183 2442 1316 2477 vertat
1343 2440 1493 2489 poetae
1523 2448 1596 2476 co-

106 2513 228 2562 mico,
259 2511 369 2564 quod
402 2525 439 2551 v.
471 2524 506 2551 c.
537 2506 998 2563 ἁποπροσωπίζεσθαι
1031 2509 1179 2549 dixerit
1202 2509 1367 2561 faciem
1398 2522 1425 2547 a
1455 2506 1593 2546 sordi-

107 2583 180 2624 bus
200 2597 416 2638 purgare,
447 2587 518 2622 aut
550 2576 809 2633 ὑοσκυαμᾶν
839 2581 1052 2629 insanire,
1085 2584 1155 2619 aut
1188 2574 1453 2630 ἐγκιλικίζε-ιν
1488 2576 1593 2617 Giu-

107 2664 202 2694 σωκ
228 2666 342 2694 more
373 2653 584 2694 illudere?
643 2653 761 2693 Haec
795 2657 838 2692 et
876 2651 1025 2691 similia
1064 2650 1098 2690 si
1139 2650 1301 2698 demas,
1343 2648 1590 2702 paucissima

107 2728 289 2774 restant,
319 2735 425 2777 quae
454 2737 555 2764 vere
585 2723 834 2764 insolentiae
865 2722 1037 2762 crimine
1070 2721 1259 2761 laborare
1291 2724 1329 2758 et
1361 2721 1412 2760 ab
1442 2731 1521 2759 usu
1552 2721 1593 2757 et

107 2794 276 2847 ingenio
307 2796 456 2835 atticae
486 2791 651 2834 dialecti
689 2794 823 2835 aliena
863 2804 956 2832 esse
988 2793 1136 2831 merito
1168 2792 1293 2831 dicas.
1367 2791 1410 2829 ln
1443 2803 1492 2829 ea
1522 2799 1593 2827 au-

1214 2862 1268 2899 20
1303 2863 1318 2882 *
