<?xml version="1.0" encoding="UTF-8"?>
<!DOCTYPE html PUBLIC "-//W3C//DTD XHTML 1.0 Transitional//EN"
    "http://www.w3.org/TR/xhtml1/DTD/xhtml1-transitional.dtd">
<html xmlns="http://www.w3.org/1999/xhtml" xml:lang="en" lang="en">
 <head>
  <title>
</title>
<meta http-equiv="Content-Type" content="text/html;charset=utf-8" />
  <meta name='ocr-system' content='tesseract 3.04.00' />
  <meta name='ocr-capabilities' content='ocr_page ocr_carea ocr_par ocr_line ocrx_word'/>
</head>
<body>
  <div class='ocr_page' id='page_1' title='image "./p1fragmentacomic02meinuoft_0477.png"; bbox 0 0 1786 3210; ppageno 0'>
   <div class='ocr_carea' id='block_1_1' title="bbox 0 0 97 278">
    <p class='ocr_par' dir='ltr' id='par_1_1' title="bbox 0 0 97 278">
     <span class='ocr_line' id='line_1_1' title="bbox 0 0 97 278; baseline 0 2932"><span class='ocrx_word' id='word_1_1' title='bbox 0 0 97 278; x_wconf 95' lang='lat' dir='ltr'> </span> 
     </span>
    </p>
   </div>
   <div class='ocr_carea' id='block_1_2' title="bbox 715 193 1588 245">
    <p class='ocr_par' dir='ltr' id='par_1_2' title="bbox 715 193 1588 245">
     <span class='ocr_line' id='line_1_2' title="bbox 715 193 1588 245; baseline 0.008 -7"><span class='ocrx_word' id='word_1_2' title='bbox 715 195 863 239; x_wconf 85' lang='lat' dir='ltr'>AHM</span> <span class='ocrx_word' id='word_1_3' title='bbox 871 193 946 239; x_wconf 86' lang='lat'>01.</span> <span class='ocrx_word' id='word_1_4' title='bbox 1146 223 1151 229; x_wconf 89' lang='lat'><em>·</em></span> <span class='ocrx_word' id='word_1_5' title='bbox 1502 201 1588 245; x_wconf 77' lang='lat'>465</span> 
     </span>
    </p>
   </div>
   <div class='ocr_carea' id='block_1_3' title="bbox 22 305 1587 2007">
    <p class='ocr_par' dir='ltr' id='par_1_3' title="bbox 38 305 1587 1012">
     <span class='ocr_line' id='line_1_3' title="bbox 87 305 1587 368; baseline -0.003 -15"><span class='ocrx_word' id='word_1_6' title='bbox 87 311 221 358; x_wconf 77' lang='lat' dir='ltr'>matr.</span> <span class='ocrx_word' id='word_1_7' title='bbox 252 325 295 366; x_wconf 87' lang='lat' dir='ltr'>p.</span> <span class='ocrx_word' id='word_1_8' title='bbox 326 313 425 355; x_wconf 72' lang='lat'>252.</span> <span class='ocrx_word' id='word_1_9' title='bbox 493 313 603 356; x_wconf 83' lang='lat' dir='ltr'>Tum</span> <span class='ocrx_word' id='word_1_10' title='bbox 646 312 742 355; x_wconf 86' lang='lat' dir='ltr'><strong>libri</strong></span> <span class='ocrx_word' id='word_1_11' title='bbox 774 305 1033 368; x_wconf 81' lang='grc' dir='ltr'><em>Μιλτιάδῃ,</em></span> <span class='ocrx_word' id='word_1_12' title='bbox 1074 307 1359 365; x_wconf 83' lang='grc' dir='ltr'><em>Μιλτιάδην,</em></span> <span class='ocrx_word' id='word_1_13' title='bbox 1391 309 1587 356; x_wconf 75' lang='grc' dir='ltr'><em>Μιλτιὰ-</em></span> 
     </span>
     <span class='ocr_line' id='line_1_4' title="bbox 38 378 1586 436; baseline 0.003 -14"><span class='ocrx_word' id='word_1_14' title='bbox 38 406 42 411; x_wconf 82' lang='lat'><em>-</em></span> <span class='ocrx_word' id='word_1_15' title='bbox 91 379 188 425; x_wconf 85' lang='grc' dir='ltr'><em>δου.</em></span> <span class='ocrx_word' id='word_1_16' title='bbox 235 385 535 427; x_wconf 79' lang='lat' dir='ltr'>Valckenarius</span> <span class='ocrx_word' id='word_1_17' title='bbox 567 379 832 431; x_wconf 83' lang='grc' dir='ltr'><em>Μἰλτίαδες.</em></span> <span class='ocrx_word' id='word_1_18' title='bbox 884 382 1042 436; x_wconf 85' lang='lat' dir='ltr'>Scripsi</span> <span class='ocrx_word' id='word_1_19' title='bbox 1072 378 1320 434; x_wconf 82' lang='grc' dir='ltr'><em>Μιλτιάδη.</em></span> <span class='ocrx_word' id='word_1_20' title='bbox 1380 385 1463 427; x_wconf 91' lang='lat' dir='ltr'>Pro</span> <span class='ocrx_word' id='word_1_21' title='bbox 1492 385 1586 427; x_wconf 84' lang='grc' dir='ltr'>Πε-</span> 
     </span>
     <span class='ocr_line' id='line_1_5' title="bbox 88 449 1586 510; baseline 0.004 -17"><span class='ocrx_word' id='word_1_22' title='bbox 88 449 272 509; x_wconf 83' lang='grc' dir='ltr'><em>ρίκλεες,</em></span> <span class='ocrx_word' id='word_1_23' title='bbox 309 469 415 509; x_wconf 89' lang='lat' dir='ltr'>quae</span> <span class='ocrx_word' id='word_1_24' title='bbox 447 456 710 499; x_wconf 88' lang='lat' dir='ltr'>Valckenarii</span> <span class='ocrx_word' id='word_1_25' title='bbox 740 456 945 496; x_wconf 86' lang='lat' dir='ltr'>correctio</span> <span class='ocrx_word' id='word_1_26' title='bbox 976 458 1062 510; x_wconf 82' lang='lat' dir='ltr'>est,</span> <span class='ocrx_word' id='word_1_27' title='bbox 1103 454 1202 495; x_wconf 88' lang='lat' dir='ltr'>libri</span> <span class='ocrx_word' id='word_1_28' title='bbox 1239 455 1444 497; x_wconf 88' lang='lat' dir='ltr'>fluctuant</span> <span class='ocrx_word' id='word_1_29' title='bbox 1473 458 1586 499; x_wconf 83' lang='lat' dir='ltr'>inter</span> 
     </span>
     <span class='ocr_line' id='line_1_6' title="bbox 88 521 1585 581; baseline 0.003 -16"><span class='ocrx_word' id='word_1_30' title='bbox 88 523 286 581; x_wconf 82' lang='grc' dir='ltr'><em>ῙΙερικλῆ</em></span> <span class='ocrx_word' id='word_1_31' title='bbox 329 525 538 581; x_wconf 76' lang='grc' dir='ltr'><em>Περικλεῖ</em></span> <span class='ocrx_word' id='word_1_32' title='bbox 576 532 619 568; x_wconf 86' lang='lat' dir='ltr'>et</span> <span class='ocrx_word' id='word_1_33' title='bbox 663 521 906 581; x_wconf 79' lang='grc' dir='ltr'><em>Περίκλεις.</em></span> <span class='ocrx_word' id='word_1_34' title='bbox 982 526 1138 566; x_wconf 83' lang='lat' dir='ltr'><strong>Fateor</strong></span> <span class='ocrx_word' id='word_1_35' title='bbox 1183 530 1322 568; x_wconf 86' lang='lat' dir='ltr'>tamen</span> <span class='ocrx_word' id='word_1_36' title='bbox 1367 540 1585 580; x_wconf 83' lang='lat' dir='ltr'>perraram</span> 
     </span>
     <span class='ocr_line' id='line_1_7' title="bbox 90 598 1585 651; baseline 0.003 -14"><span class='ocrx_word' id='word_1_37' title='bbox 90 610 185 638; x_wconf 87' lang='lat' dir='ltr'>esse</span> <span class='ocrx_word' id='word_1_38' title='bbox 213 598 321 639; x_wconf 90' lang='lat' dir='ltr'>hanc</span> <span class='ocrx_word' id='word_1_39' title='bbox 351 599 527 639; x_wconf 88' lang='lat' dir='ltr'>vocativi</span> <span class='ocrx_word' id='word_1_40' title='bbox 558 598 738 639; x_wconf 84' lang='lat' dir='ltr'>formam</span> <span class='ocrx_word' id='word_1_41' title='bbox 770 598 880 651; x_wconf 88' lang='lat' dir='ltr'>apud</span> <span class='ocrx_word' id='word_1_42' title='bbox 910 602 1056 651; x_wconf 86' lang='lat' dir='ltr'>poetas</span> <span class='ocrx_word' id='word_1_43' title='bbox 1088 598 1300 638; x_wconf 88' lang='lat' dir='ltr'>comicos:</span> <span class='ocrx_word' id='word_1_44' title='bbox 1339 611 1419 640; x_wconf 90' lang='lat' dir='ltr'>nec</span> <span class='ocrx_word' id='word_1_45' title='bbox 1450 599 1585 641; x_wconf 87' lang='lat' dir='ltr'>offen-</span> 
     </span>
     <span class='ocr_line' id='line_1_8' title="bbox 89 665 1585 724; baseline 0.001 -15"><span class='ocrx_word' id='word_1_46' title='bbox 89 669 207 710; x_wconf 82' lang='lat' dir='ltr'><strong>sione</strong></span> <span class='ocrx_word' id='word_1_47' title='bbox 244 675 358 710; x_wconf 82' lang='lat' dir='ltr'>caret</span> <span class='ocrx_word' id='word_1_48' title='bbox 398 684 571 724; x_wconf 87' lang='lat' dir='ltr'>prorsus</span> <span class='ocrx_word' id='word_1_49' title='bbox 611 670 865 710; x_wconf 81' lang='lat' dir='ltr'><strong>constructio</strong></span> <span class='ocrx_word' id='word_1_50' title='bbox 905 665 967 723; x_wconf 82' lang='grc' dir='ltr'>μὴ</span> <span class='ocrx_word' id='word_1_51' title='bbox 1010 665 1184 711; x_wconf 81' lang='grc' dir='ltr'><em>ἐάσατε.</em></span> <span class='ocrx_word' id='word_1_52' title='bbox 1268 672 1454 723; x_wconf 76' lang='lat' dir='ltr'>Quorum</span> <span class='ocrx_word' id='word_1_53' title='bbox 1505 670 1585 712; x_wconf 87' lang='lat' dir='ltr'>etsi</span> 
     </span>
     <span class='ocr_line' id='line_1_9' title="bbox 87 741 1586 795; baseline 0.002 -15"><span class='ocrx_word' id='word_1_54' title='bbox 87 745 311 794; x_wconf 83' lang='lat' dir='ltr'>utrumque</span> <span class='ocrx_word' id='word_1_55' title='bbox 346 742 522 783; x_wconf 84' lang='lat' dir='ltr'>defendi</span> <span class='ocrx_word' id='word_1_56' title='bbox 564 745 726 795; x_wconf 87' lang='lat' dir='ltr'>potest,</span> <span class='ocrx_word' id='word_1_57' title='bbox 765 754 846 782; x_wconf 87' lang='lat' dir='ltr'>nou</span> <span class='ocrx_word' id='word_1_58' title='bbox 893 746 1033 782; x_wconf 81' lang='lat' dir='ltr'>tamen</span> <span class='ocrx_word' id='word_1_59' title='bbox 1072 741 1222 782; x_wconf 85' lang='lat' dir='ltr'>lusisse</span> <span class='ocrx_word' id='word_1_60' title='bbox 1262 741 1464 783; x_wconf 87' lang='lat' dir='ltr'>dicendus</span> <span class='ocrx_word' id='word_1_61' title='bbox 1495 744 1586 783; x_wconf 82' lang='lat' dir='ltr'>erat</span> 
     </span>
     <span class='ocr_line' id='line_1_10' title="bbox 85 813 766 867; baseline -0.001 -13"><span class='ocrx_word' id='word_1_62' title='bbox 85 813 314 855; x_wconf 87' lang='lat' dir='ltr'>Elmsleius</span> <span class='ocrx_word' id='word_1_63' title='bbox 344 826 471 867; x_wconf 92' lang='lat' dir='ltr'>quum</span> <span class='ocrx_word' id='word_1_64' title='bbox 503 813 766 862; x_wconf 73' lang='lat' dir='ltr'>conficiebat,</span> 
     </span>
     <span class='ocr_line' id='line_1_11' title="bbox 286 877 1425 938; baseline -0.001 -15"><span class='ocrx_word' id='word_1_65' title='bbox 286 884 361 924; x_wconf 84' lang='grc' dir='ltr'>καὶ</span> <span class='ocrx_word' id='word_1_66' title='bbox 391 879 548 938; x_wconf 76' lang='grc' dir='ltr'><em>μηκέτ’</em></span> <span class='ocrx_word' id='word_1_67' title='bbox 582 880 683 924; x_wconf 81' lang='grc' dir='ltr'><em>ἀντὶ</em></span> <span class='ocrx_word' id='word_1_68' title='bbox 714 877 974 924; x_wconf 83' lang='grc' dir='ltr'><em>Μιλτιάδου</em></span> <span class='ocrx_word' id='word_1_69' title='bbox 1002 881 1078 922; x_wconf 81' lang='grc' dir='ltr'>καὶ</span> <span class='ocrx_word' id='word_1_70' title='bbox 1107 880 1373 937; x_wconf 71' lang='grc' dir='ltr'><em>Περικλέους</em></span> <span class='ocrx_word' id='word_1_71' title='bbox 1421 902 1425 905; x_wconf 89' lang='lat'>-</span> 
     </span>
     <span class='ocr_line' id='line_1_12' title="bbox 281 950 697 1012; baseline 0.002 -16"><span class='ocrx_word' id='word_1_72' title='bbox 281 951 430 996; x_wconf 80' lang='grc' dir='ltr'><em>ἐάσετ’</em></span> <span class='ocrx_word' id='word_1_73' title='bbox 463 950 612 1012; x_wconf 74' lang='grc' dir='ltr'><em>ἄρχειν</em></span> <span class='ocrx_word' id='word_1_74' title='bbox 642 983 697 990; x_wconf 81' lang='lat'>—</span> 
     </span>
    </p>

    <p class='ocr_par' dir='ltr' id='par_1_4' title="bbox 22 1019 1584 2007">
     <span class='ocr_line' id='line_1_13' title="bbox 22 1019 1583 1080; baseline -0.001 -12"><span class='ocrx_word' id='word_1_75' title='bbox 22 1040 25 1050; x_wconf 70' lang='grc'>’-</span> <span class='ocrx_word' id='word_1_76' title='bbox 84 1027 276 1080; x_wconf 86' lang='lat' dir='ltr'>suppleta</span> <span class='ocrx_word' id='word_1_77' title='bbox 317 1028 611 1069; x_wconf 86' lang='lat' dir='ltr'>coniunctione</span> <span class='ocrx_word' id='word_1_78' title='bbox 650 1019 793 1077; x_wconf 80' lang='grc' dir='ltr'><em>ὅπως,</em></span> <span class='ocrx_word' id='word_1_79' title='bbox 837 1040 943 1080; x_wconf 84' lang='lat' dir='ltr'>quae</span> <span class='ocrx_word' id='word_1_80' title='bbox 982 1027 1024 1068; x_wconf 92' lang='lat' dir='ltr'>in</span> <span class='ocrx_word' id='word_1_81' title='bbox 1066 1025 1354 1080; x_wconf 86' lang='lat' dir='ltr'>superioribus</span> <span class='ocrx_word' id='word_1_82' title='bbox 1385 1024 1583 1066; x_wconf 86' lang='lat' dir='ltr'>adfuerit.</span> 
     </span>
     <span class='ocr_line' id='line_1_14' title="bbox 82 1098 1584 1152; baseline 0 -14"><span class='ocrx_word' id='word_1_83' title='bbox 82 1098 167 1139; x_wconf 85' lang='lat' dir='ltr'>Sed</span> <span class='ocrx_word' id='word_1_84' title='bbox 199 1098 334 1139; x_wconf 85' lang='lat' dir='ltr'>donec</span> <span class='ocrx_word' id='word_1_85' title='bbox 364 1099 544 1139; x_wconf 86' lang='lat' dir='ltr'>certiora</span> <span class='ocrx_word' id='word_1_86' title='bbox 574 1103 744 1152; x_wconf 87' lang='lat' dir='ltr'>reperta</span> <span class='ocrx_word' id='word_1_87' title='bbox 774 1098 945 1148; x_wconf 83' lang='lat' dir='ltr'>fuerint,</span> <span class='ocrx_word' id='word_1_88' title='bbox 977 1104 1103 1139; x_wconf 88' lang='lat' dir='ltr'>teneo</span> <span class='ocrx_word' id='word_1_89' title='bbox 1135 1111 1185 1138; x_wconf 87' lang='lat' dir='ltr'>ea</span> <span class='ocrx_word' id='word_1_90' title='bbox 1215 1110 1322 1150; x_wconf 85' lang='lat' dir='ltr'>quae</span> <span class='ocrx_word' id='word_1_91' title='bbox 1353 1109 1481 1150; x_wconf 79' lang='lat' dir='ltr'>supra</span> <span class='ocrx_word' id='word_1_92' title='bbox 1510 1109 1584 1138; x_wconf 82' lang='lat' dir='ltr'>ex-</span> 
     </span>
     <span class='ocr_line' id='line_1_15' title="bbox 82 1162 1583 1223; baseline 0 -13"><span class='ocrx_word' id='word_1_93' title='bbox 82 1168 216 1211; x_wconf 87' lang='lat' dir='ltr'>hibui.</span> <span class='ocrx_word' id='word_1_94' title='bbox 286 1164 540 1223; x_wconf 78' lang='grc' dir='ltr'><em>Μεγάκλεες</em></span> <span class='ocrx_word' id='word_1_95' title='bbox 579 1170 681 1210; x_wconf 83' lang='lat' dir='ltr'>dixit</span> <span class='ocrx_word' id='word_1_96' title='bbox 720 1170 862 1210; x_wconf 86' lang='lat' dir='ltr'>Leuco</span> <span class='ocrx_word' id='word_1_97' title='bbox 905 1169 1047 1211; x_wconf 85' lang='lat' dir='ltr'>Phrat.</span> <span class='ocrx_word' id='word_1_98' title='bbox 1082 1169 1100 1209; x_wconf 86' lang='lat'>1</span> <span class='ocrx_word' id='word_1_99' title='bbox 1132 1169 1172 1209; x_wconf 90' lang='lat'>1.</span> <span class='ocrx_word' id='word_1_100' title='bbox 1216 1162 1450 1221; x_wconf 71' lang='grc' dir='ltr'><em>Ἱερόκλεες</em></span> <span class='ocrx_word' id='word_1_101' title='bbox 1489 1168 1583 1221; x_wconf 79' lang='lat' dir='ltr'>ipse</span> 
     </span>
     <span class='ocr_line' id='line_1_16' title="bbox 82 1239 1583 1294; baseline -0.001 -12"><span class='ocrx_word' id='word_1_102' title='bbox 82 1240 262 1294; x_wconf 83' lang='lat' dir='ltr'>Eupolis</span> <span class='ocrx_word' id='word_1_103' title='bbox 293 1241 417 1282; x_wconf 83' lang='lat' dir='ltr'>civit.</span> <span class='ocrx_word' id='word_1_104' title='bbox 449 1241 564 1291; x_wconf 89' lang='lat' dir='ltr'>XVI,</span> <span class='ocrx_word' id='word_1_105' title='bbox 605 1240 682 1281; x_wconf 92' lang='lat' dir='ltr'>sed</span> <span class='ocrx_word' id='word_1_106' title='bbox 723 1241 759 1281; x_wconf 90' lang='lat' dir='ltr'>is</span> <span class='ocrx_word' id='word_1_107' title='bbox 789 1240 958 1293; x_wconf 81' lang='lat' dir='ltr'>quidem</span> <span class='ocrx_word' id='word_1_108' title='bbox 998 1240 1050 1280; x_wconf 88' lang='lat' dir='ltr'>ad</span> <span class='ocrx_word' id='word_1_109' title='bbox 1082 1239 1280 1292; x_wconf 80' lang='lat' dir='ltr'>Aeschyli</span> <span class='ocrx_word' id='word_1_110' title='bbox 1318 1251 1485 1280; x_wconf 87' lang='lat' dir='ltr'>versum</span> <span class='ocrx_word' id='word_1_111' title='bbox 1513 1252 1583 1281; x_wconf 84' lang='lat' dir='ltr'>re·</span> 
     </span>
     <span class='ocr_line' id='line_1_17' title="bbox 82 1308 1583 1366; baseline -0.003 -12"><span class='ocrx_word' id='word_1_112' title='bbox 82 1312 276 1366; x_wconf 81' lang='lat' dir='ltr'>spiciens.</span> <span class='ocrx_word' id='word_1_113' title='bbox 321 1336 378 1346; x_wconf 84' lang='lat'>—</span> <span class='ocrx_word' id='word_1_114' title='bbox 430 1311 502 1354; x_wconf 90' lang='lat' dir='ltr'>Vs.</span> <span class='ocrx_word' id='word_1_115' title='bbox 533 1312 560 1352; x_wconf 79' lang='lat'><strong>3</strong></span> <span class='ocrx_word' id='word_1_116' title='bbox 603 1311 696 1358; x_wconf 81' lang='grc' dir='ltr'><em>τοῖς</em></span> <span class='ocrx_word' id='word_1_117' title='bbox 727 1311 914 1365; x_wconf 82' lang='grc' dir='ltr'><em>σφυροῖς</em></span> <span class='ocrx_word' id='word_1_118' title='bbox 944 1311 1259 1354; x_wconf 83' lang='lat' dir='ltr'>Valckenarius.</span> <span class='ocrx_word' id='word_1_119' title='bbox 1319 1310 1436 1352; x_wconf 86' lang='lat' dir='ltr'>Libri</span> <span class='ocrx_word' id='word_1_120' title='bbox 1465 1308 1583 1351; x_wconf 84' lang='grc' dir='ltr'><em>τοῖσι</em></span> 
     </span>
     <span class='ocr_line' id='line_1_18' title="bbox 82 1379 1580 1437; baseline 0.001 -15"><span class='ocrx_word' id='word_1_121' title='bbox 82 1381 296 1437; x_wconf 84' lang='grc' dir='ltr'><em>σφυροῖσι</em></span> <span class='ocrx_word' id='word_1_122' title='bbox 327 1386 369 1423; x_wconf 88' lang='lat' dir='ltr'>et</span> <span class='ocrx_word' id='word_1_123' title='bbox 399 1381 491 1430; x_wconf 81' lang='grc' dir='ltr'><em>τοῖς</em></span> <span class='ocrx_word' id='word_1_124' title='bbox 521 1382 727 1437; x_wconf 86' lang='grc' dir='ltr'><em>σφυροῑν.</em></span> <span class='ocrx_word' id='word_1_125' title='bbox 789 1383 987 1423; x_wconf 80' lang='lat' dir='ltr'>Fortasse</span> <span class='ocrx_word' id='word_1_126' title='bbox 1027 1385 1213 1435; x_wconf 80' lang='lat' dir='ltr'>praestat</span> <span class='ocrx_word' id='word_1_127' title='bbox 1243 1379 1340 1420; x_wconf 83' lang='grc' dir='ltr'><em>τοῖν</em></span> <span class='ocrx_word' id='word_1_128' title='bbox 1370 1380 1580 1436; x_wconf 84' lang='grc' dir='ltr'><em>σφυροῖν.</em></span> 
     </span>
     <span class='ocr_line' id='line_1_19' title="bbox 82 1444 1580 1508; baseline 0 -13"><span class='ocrx_word' id='word_1_129' title='bbox 82 1454 283 1495; x_wconf 86' lang='lat' dir='ltr'>Ceterum</span> <span class='ocrx_word' id='word_1_130' title='bbox 330 1458 427 1507; x_wconf 78' lang='lat' dir='ltr'>apte</span> <span class='ocrx_word' id='word_1_131' title='bbox 479 1458 692 1508; x_wconf 84' lang='lat' dir='ltr'>comparat</span> <span class='ocrx_word' id='word_1_132' title='bbox 732 1444 1032 1496; x_wconf 85' lang='lat' dir='ltr'>Valckenarius</span> <span class='ocrx_word' id='word_1_133' title='bbox 1072 1451 1288 1493; x_wconf 82' lang='lat' dir='ltr'>Demosth.</span> <span class='ocrx_word' id='word_1_134' title='bbox 1333 1451 1387 1493; x_wconf 84' lang='lat' dir='ltr'>de</span> <span class='ocrx_word' id='word_1_135' title='bbox 1427 1452 1580 1495; x_wconf 84' lang='lat' dir='ltr'>Halon.</span> 
     </span>
     <span class='ocr_line' id='line_1_20' title="bbox 80 1518 1582 1580; baseline -0.001 -14"><span class='ocrx_word' id='word_1_136' title='bbox 80 1525 193 1578; x_wconf 84' lang='lat' dir='ltr'>p.88</span> <span class='ocrx_word' id='word_1_137' title='bbox 224 1525 250 1565; x_wconf 87' lang='lat'><em>1</em></span> <span class='ocrx_word' id='word_1_138' title='bbox 279 1521 401 1580; x_wconf 80' lang='grc' dir='ltr'><em>εἴπερ</em></span> <span class='ocrx_word' id='word_1_139' title='bbox 425 1520 548 1579; x_wconf 82' lang='grc' dir='ltr'><em>ὑμεῖς</em></span> <span class='ocrx_word' id='word_1_140' title='bbox 562 1521 641 1564; x_wconf 87' lang='grc' dir='ltr'>τὸν</span> <span class='ocrx_word' id='word_1_141' title='bbox 662 1521 907 1577; x_wconf 80' lang='grc' dir='ltr'><em>ἐγκέφαλον</em></span> <span class='ocrx_word' id='word_1_142' title='bbox 929 1522 976 1563; x_wconf 80' lang='grc' dir='ltr'><em>ἐν</em></span> <span class='ocrx_word' id='word_1_143' title='bbox 989 1523 1080 1572; x_wconf 82' lang='grc' dir='ltr'><em>τοῖς</em></span> <span class='ocrx_word' id='word_1_144' title='bbox 1096 1518 1338 1578; x_wconf 77' lang='grc' dir='ltr'><em>κροτάφοις</em></span> <span class='ocrx_word' id='word_1_145' title='bbox 1357 1520 1510 1577; x_wconf 79' lang='grc' dir='ltr'><em>καὶμὴ</em></span> <span class='ocrx_word' id='word_1_146' title='bbox 1534 1520 1582 1564; x_wconf 79' lang='grc' dir='ltr'><em>ἐν</em></span> 
     </span>
     <span class='ocr_line' id='line_1_21' title="bbox 78 1593 1581 1651; baseline 0.003 -17"><span class='ocrx_word' id='word_1_147' title='bbox 78 1594 178 1643; x_wconf 81' lang='grc' dir='ltr'><em>ταῖς</em></span> <span class='ocrx_word' id='word_1_148' title='bbox 205 1594 412 1650; x_wconf 79' lang='grc' dir='ltr'><em>πτέρναις</em></span> <span class='ocrx_word' id='word_1_149' title='bbox 439 1593 871 1648; x_wconf 69' lang='grc' dir='ltr'><em>καταπεπατημένον</em></span> <span class='ocrx_word' id='word_1_150' title='bbox 899 1595 1088 1651; x_wconf 84' lang='grc' dir='ltr'><em>φορεῖτε,</em></span> <span class='ocrx_word' id='word_1_151' title='bbox 1144 1595 1303 1636; x_wconf 89' lang='lat' dir='ltr'>Similia</span> <span class='ocrx_word' id='word_1_152' title='bbox 1331 1595 1433 1636; x_wconf 86' lang='lat' dir='ltr'>item</span> <span class='ocrx_word' id='word_1_153' title='bbox 1470 1595 1581 1638; x_wconf 81' lang='lat' dir='ltr'>haec</span> 
     </span>
     <span class='ocr_line' id='line_1_22' title="bbox 80 1659 1582 1722; baseline -0.001 -14"><span class='ocrx_word' id='word_1_154' title='bbox 80 1666 232 1708; x_wconf 77' lang='lat' dir='ltr'>incerti</span> <span class='ocrx_word' id='word_1_155' title='bbox 270 1668 488 1722; x_wconf 85' lang='lat' dir='ltr'>scriptoris</span> <span class='ocrx_word' id='word_1_156' title='bbox 529 1669 639 1722; x_wconf 89' lang='lat' dir='ltr'>apud</span> <span class='ocrx_word' id='word_1_157' title='bbox 670 1667 840 1708; x_wconf 87' lang='lat' dir='ltr'>Suidam</span> <span class='ocrx_word' id='word_1_158' title='bbox 873 1667 912 1708; x_wconf 88' lang='lat'>11</span> <span class='ocrx_word' id='word_1_159' title='bbox 943 1681 984 1721; x_wconf 87' lang='lat' dir='ltr'>p.</span> <span class='ocrx_word' id='word_1_160' title='bbox 1016 1669 1125 1709; x_wconf 73' lang='lat'>3712</span> <span class='ocrx_word' id='word_1_161' title='bbox 1166 1664 1214 1706; x_wconf 80' lang='grc' dir='ltr'><em>ἐν</em></span> <span class='ocrx_word' id='word_1_162' title='bbox 1251 1665 1343 1713; x_wconf 83' lang='grc' dir='ltr'><em>τοῖς</em></span> <span class='ocrx_word' id='word_1_163' title='bbox 1386 1659 1582 1716; x_wconf 77' lang='grc' dir='ltr'><em>αἰδοίοις</em></span> 
     </span>
     <span class='ocr_line' id='line_1_23' title="bbox 80 1732 1580 1793; baseline 0.003 -16"><span class='ocrx_word' id='word_1_164' title='bbox 80 1732 190 1791; x_wconf 80' lang='grc' dir='ltr'><em>ἔχων</em></span> <span class='ocrx_word' id='word_1_165' title='bbox 227 1734 307 1778; x_wconf 85' lang='grc' dir='ltr'>τὸν</span> <span class='ocrx_word' id='word_1_166' title='bbox 342 1736 600 1793; x_wconf 79' lang='grc' dir='ltr'><em>ἐγκέφαλον.</em></span> <span class='ocrx_word' id='word_1_167' title='bbox 672 1739 866 1779; x_wconf 85' lang='lat' dir='ltr'>Mazares</span> <span class='ocrx_word' id='word_1_168' title='bbox 905 1739 985 1780; x_wconf 89' lang='lat' dir='ltr'>MS</span> <span class='ocrx_word' id='word_1_169' title='bbox 1026 1738 1137 1792; x_wconf 83' lang='lat' dir='ltr'>apud</span> <span class='ocrx_word' id='word_1_170' title='bbox 1173 1737 1483 1780; x_wconf 87' lang='lat' dir='ltr'>Boissonadum</span> <span class='ocrx_word' id='word_1_171' title='bbox 1525 1738 1580 1781; x_wconf 82' lang='lat' dir='ltr'>ad</span> 
     </span>
     <span class='ocr_line' id='line_1_24' title="bbox 78 1803 1579 1866; baseline 0.001 -15"><span class='ocrx_word' id='word_1_172' title='bbox 78 1809 234 1851; x_wconf 80' lang='lat' dir='ltr'>Marini</span> <span class='ocrx_word' id='word_1_173' title='bbox 266 1810 315 1853; x_wconf 92' lang='lat' dir='ltr'>V.</span> <span class='ocrx_word' id='word_1_174' title='bbox 346 1810 469 1852; x_wconf 84' lang='lat' dir='ltr'>Proc.</span> <span class='ocrx_word' id='word_1_175' title='bbox 498 1824 539 1864; x_wconf 85' lang='lat' dir='ltr'>p.</span> <span class='ocrx_word' id='word_1_176' title='bbox 569 1811 640 1852; x_wconf 80' lang='lat'>70.</span> <span class='ocrx_word' id='word_1_177' title='bbox 670 1804 749 1857; x_wconf 83' lang='grc' dir='ltr'><em>τὰς</em></span> <span class='ocrx_word' id='word_1_178' title='bbox 777 1808 943 1866; x_wconf 83' lang='grc' dir='ltr'><em>φρένας</em></span> <span class='ocrx_word' id='word_1_179' title='bbox 973 1807 1022 1850; x_wconf 84' lang='grc' dir='ltr'><em>ἐν</em></span> <span class='ocrx_word' id='word_1_180' title='bbox 1055 1806 1262 1865; x_wconf 83' lang='grc' dir='ltr'><em>πτέρναις</em></span> <span class='ocrx_word' id='word_1_181' title='bbox 1291 1803 1418 1862; x_wconf 82' lang='grc' dir='ltr'><em>ἔχειν.</em></span> <span class='ocrx_word' id='word_1_182' title='bbox 1475 1809 1579 1852; x_wconf 88' lang='lat' dir='ltr'>Plu·</span> 
     </span>
     <span class='ocr_line' id='line_1_25' title="bbox 80 1874 1578 1936; baseline 0.001 -15"><span class='ocrx_word' id='word_1_183' title='bbox 80 1880 250 1922; x_wconf 86' lang='lat' dir='ltr'>tarchus</span> <span class='ocrx_word' id='word_1_184' title='bbox 278 1881 390 1923; x_wconf 87' lang='lat' dir='ltr'>Mor.</span> <span class='ocrx_word' id='word_1_185' title='bbox 421 1894 463 1935; x_wconf 83' lang='lat' dir='ltr'>p.</span> <span class='ocrx_word' id='word_1_186' title='bbox 494 1881 579 1922; x_wconf 80' lang='lat'>334</span> <span class='ocrx_word' id='word_1_187' title='bbox 596 1894 632 1922; x_wconf 91' lang='lat' dir='ltr'>c.</span> <span class='ocrx_word' id='word_1_188' title='bbox 670 1878 822 1935; x_wconf 78' lang='grc' dir='ltr'><em>ψυχήν</em></span> <span class='ocrx_word' id='word_1_189' title='bbox 857 1879 906 1922; x_wconf 79' lang='grc' dir='ltr'><em>ἐν</em></span> <span class='ocrx_word' id='word_1_190' title='bbox 942 1880 1039 1928; x_wconf 82' lang='grc' dir='ltr'><em>ταῖς</em></span> <span class='ocrx_word' id='word_1_191' title='bbox 1080 1876 1275 1936; x_wconf 81' lang='grc' dir='ltr'><em>φάτναις</em></span> <span class='ocrx_word' id='word_1_192' title='bbox 1311 1874 1438 1934; x_wconf 82' lang='grc' dir='ltr'><em>ἔχειν.</em></span> <span class='ocrx_word' id='word_1_193' title='bbox 1498 1879 1578 1923; x_wconf 69' lang='lat' dir='ltr'>crr-</span> 
     </span>
     <span class='ocr_line' id='line_1_26' title="bbox 79 1951 817 2007; baseline 0.001 -13"><span class='ocrx_word' id='word_1_194' title='bbox 79 1951 315 2007; x_wconf 80' lang='lat' dir='ltr'>Longinum</span> <span class='ocrx_word' id='word_1_195' title='bbox 345 1953 400 1995; x_wconf 85' lang='lat' dir='ltr'>de</span> <span class='ocrx_word' id='word_1_196' title='bbox 429 1953 546 1996; x_wconf 88' lang='lat' dir='ltr'>Subl.</span> <span class='ocrx_word' id='word_1_197' title='bbox 578 1953 817 1997; x_wconf 85' lang='lat' dir='ltr'>xxxvlu.</span> 
     </span>
    </p>
   </div>
   <div class='ocr_carea' id='block_1_4' title="bbox 305 2098 1317 2338">
    <p class='ocr_par' dir='ltr' id='par_1_5' title="bbox 305 2098 1317 2338">
     <span class='ocr_line' id='line_1_27' title="bbox 767 2098 881 2152; baseline -0.009 -3"><span class='ocrx_word' id='word_1_198' title='bbox 767 2098 881 2152; x_wconf 69' lang='lat' dir='ltr'>xiv.</span> 
     </span>
     <span class='ocr_line' id='line_1_28' title="bbox 915 2195 1294 2251; baseline -0.003 -12"><span class='ocrx_word' id='word_1_199' title='bbox 915 2196 1011 2239; x_wconf 85' lang='grc' dir='ltr'>Καὶ</span> <span class='ocrx_word' id='word_1_200' title='bbox 1042 2195 1218 2251; x_wconf 76' lang='grc' dir='ltr'><em>λέγουσί</em></span> <span class='ocrx_word' id='word_1_201' title='bbox 1247 2206 1294 2251; x_wconf 77' lang='grc' dir='ltr'>γε</span> 
     </span>
     <span class='ocr_line' id='line_1_29' title="bbox 305 2275 1317 2338; baseline 0.005 -19"><span class='ocrx_word' id='word_1_202' title='bbox 305 2275 362 2319; x_wconf 78' lang='grc' dir='ltr'><em>τὰ</em></span> <span class='ocrx_word' id='word_1_203' title='bbox 389 2275 594 2335; x_wconf 84' lang='grc' dir='ltr'><em>μειράκια</em></span> <span class='ocrx_word' id='word_1_204' title='bbox 625 2277 933 2337; x_wconf 83' lang='grc' dir='ltr'><em>προϊστάμενα</em></span> <span class='ocrx_word' id='word_1_205' title='bbox 963 2282 1055 2331; x_wconf 82' lang='grc' dir='ltr'><em>τοῖς</em></span> <span class='ocrx_word' id='word_1_206' title='bbox 1085 2278 1317 2338; x_wconf 82' lang='grc' dir='ltr'><em>ἀνδράσιν.</em></span> 
     </span>
    </p>
   </div>
   <div class='ocr_carea' id='block_1_5' title="bbox 79 2389 1572 2938">
    <p class='ocr_par' dir='ltr' id='par_1_6' title="bbox 79 2389 1572 2881">
     <span class='ocr_line' id='line_1_30' title="bbox 195 2389 1572 2451; baseline 0.001 -17"><span class='ocrx_word' id='word_1_207' title='bbox 195 2389 465 2436; x_wconf 84' lang='lat' dir='ltr'>Herodianus</span> <span class='ocrx_word' id='word_1_208' title='bbox 495 2394 549 2435; x_wconf 87' lang='lat' dir='ltr'>de</span> <span class='ocrx_word' id='word_1_209' title='bbox 579 2395 738 2438; x_wconf 86' lang='lat' dir='ltr'>schem.</span> <span class='ocrx_word' id='word_1_210' title='bbox 770 2396 880 2451; x_wconf 83' lang='lat' dir='ltr'>apud</span> <span class='ocrx_word' id='word_1_211' title='bbox 902 2396 1181 2440; x_wconf 84' lang='lat' dir='ltr'>Villoisonum</span> <span class='ocrx_word' id='word_1_212' title='bbox 1198 2397 1357 2439; x_wconf 83' lang='lat' dir='ltr'>Anecd.</span> <span class='ocrx_word' id='word_1_213' title='bbox 1372 2395 1413 2437; x_wconf 89' lang='lat'>11</span> <span class='ocrx_word' id='word_1_214' title='bbox 1433 2409 1475 2449; x_wconf 83' lang='lat' dir='ltr'>p.</span> <span class='ocrx_word' id='word_1_215' title='bbox 1490 2395 1572 2436; x_wconf 69' lang='lat'>882</span> 
     </span>
     <span class='ocr_line' id='line_1_31' title="bbox 79 2453 1572 2522; baseline 0.002 -20"><span class='ocrx_word' id='word_1_216' title='bbox 79 2453 148 2511; x_wconf 85' lang='grc' dir='ltr'>οἷς</span> <span class='ocrx_word' id='word_1_217' title='bbox 178 2463 291 2515; x_wconf 84' lang='grc' dir='ltr'><em>(τοῖς</em></span> <span class='ocrx_word' id='word_1_218' title='bbox 309 2461 574 2520; x_wconf 78' lang='grc' dir='ltr'><em>οὐδετέροις)</em></span> <span class='ocrx_word' id='word_1_219' title='bbox 605 2463 851 2522; x_wconf 81' lang='grc' dir='ltr'><em>διαφόρους</em></span> <span class='ocrx_word' id='word_1_220' title='bbox 866 2465 1179 2518; x_wconf 79' lang='grc' dir='ltr'><em>πληθυντικὰς</em></span> <span class='ocrx_word' id='word_1_221' title='bbox 1209 2461 1437 2518; x_wconf 72' lang='grc' dir='ltr'><em>συντάξεις</em></span> <span class='ocrx_word' id='word_1_222' title='bbox 1467 2460 1572 2506; x_wconf 61' lang='lat' dir='ltr'><em>§noz-</em></span> 
     </span>
     <span class='ocr_line' id='line_1_32' title="bbox 79 2531 1572 2592; baseline -0.001 -15"><span class='ocrx_word' id='word_1_223' title='bbox 79 2544 237 2588; x_wconf 77' lang='lat' dir='ltr'>yovow</span> <span class='ocrx_word' id='word_1_224' title='bbox 265 2533 310 2575; x_wconf 79' lang='grc' dir='ltr'>οἱ</span> <span class='ocrx_word' id='word_1_225' title='bbox 346 2531 569 2590; x_wconf 80' lang='grc' dir='ltr'><em>’Λττικοί,</em></span> <span class='ocrx_word' id='word_1_226' title='bbox 608 2533 668 2588; x_wconf 78' lang='grc' dir='ltr'>ὦς</span> <span class='ocrx_word' id='word_1_227' title='bbox 696 2535 892 2587; x_wconf 81' lang='grc' dir='ltr'><em>Εὔπολις</em></span> <span class='ocrx_word' id='word_1_228' title='bbox 923 2538 1021 2579; x_wconf 82' lang='grc' dir='ltr'>Καὶ</span> <span class='ocrx_word' id='word_1_229' title='bbox 1049 2534 1227 2592; x_wconf 78' lang='grc' dir='ltr'><em>λέγουσί</em></span> <span class='ocrx_word' id='word_1_230' title='bbox 1256 2551 1302 2591; x_wconf 77' lang='grc' dir='ltr'>γε</span> <span class='ocrx_word' id='word_1_231' title='bbox 1333 2533 1389 2577; x_wconf 81' lang='grc' dir='ltr'><em>τὰ</em></span> <span class='ocrx_word' id='word_1_232' title='bbox 1418 2532 1572 2591; x_wconf 85' lang='grc' dir='ltr'><em>μειρά-</em></span> 
     </span>
     <span class='ocr_line' id='line_1_33' title="bbox 79 2603 1571 2666; baseline 0.002 -20"><span class='ocrx_word' id='word_1_233' title='bbox 79 2615 156 2646; x_wconf 81' lang='grc' dir='ltr'>κια</span> <span class='ocrx_word' id='word_1_234' title='bbox 192 2603 285 2648; x_wconf 87' lang='grc' dir='ltr'><em>κτλ.</em></span> <span class='ocrx_word' id='word_1_235' title='bbox 361 2609 426 2650; x_wconf 87' lang='lat' dir='ltr'>Ad</span> <span class='ocrx_word' id='word_1_236' title='bbox 466 2610 620 2652; x_wconf 87' lang='lat' dir='ltr'>Demos</span> <span class='ocrx_word' id='word_1_237' title='bbox 659 2612 804 2653; x_wconf 89' lang='lat' dir='ltr'>rettuli</span> <span class='ocrx_word' id='word_1_238' title='bbox 842 2612 933 2666; x_wconf 85' lang='lat' dir='ltr'>ipsa</span> <span class='ocrx_word' id='word_1_239' title='bbox 969 2612 1031 2652; x_wconf 87' lang='lat' dir='ltr'>rei</span> <span class='ocrx_word' id='word_1_240' title='bbox 1074 2611 1368 2664; x_wconf 81' lang='lat' dir='ltr'>probabilitate</span> <span class='ocrx_word' id='word_1_241' title='bbox 1406 2609 1571 2650; x_wconf 84' lang='lat' dir='ltr'>ductus.</span> 
     </span>
     <span class='ocr_line' id='line_1_34' title="bbox 82 2674 1571 2736; baseline 0.001 -18"><span class='ocrx_word' id='word_1_242' title='bbox 82 2674 159 2718; x_wconf 68' lang='lat' dir='ltr'>cfr</span> <span class='ocrx_word' id='word_1_243' title='bbox 185 2676 296 2735; x_wconf 74' lang='lat' dir='ltr'>nist.</span> <span class='ocrx_word' id='word_1_244' title='bbox 326 2680 418 2721; x_wconf 88' lang='lat' dir='ltr'>crit.</span> <span class='ocrx_word' id='word_1_245' title='bbox 449 2695 491 2735; x_wconf 83' lang='lat' dir='ltr'>p.</span> <span class='ocrx_word' id='word_1_246' title='bbox 525 2683 622 2724; x_wconf 80' lang='lat'>128.</span> <span class='ocrx_word' id='word_1_247' title='bbox 696 2684 978 2736; x_wconf 85' lang='lat' dir='ltr'>Conqueritur</span> <span class='ocrx_word' id='word_1_248' title='bbox 1019 2695 1144 2736; x_wconf 88' lang='lat' dir='ltr'>quem</span> <span class='ocrx_word' id='word_1_249' title='bbox 1182 2683 1287 2723; x_wconf 86' lang='lat' dir='ltr'>haec</span> <span class='ocrx_word' id='word_1_250' title='bbox 1326 2681 1571 2733; x_wconf 87' lang='lat' dir='ltr'>loquentem</span> 
     </span>
     <span class='ocr_line' id='line_1_35' title="bbox 84 2745 1571 2807; baseline 0.003 -22"><span class='ocrx_word' id='word_1_251' title='bbox 84 2745 260 2799; x_wconf 78' lang='lat' dir='ltr'>Eupolis</span> <span class='ocrx_word' id='word_1_252' title='bbox 289 2748 463 2803; x_wconf 84' lang='lat' dir='ltr'>induxit,</span> <span class='ocrx_word' id='word_1_253' title='bbox 493 2752 726 2795; x_wconf 70' lang='lat' dir='ltr'>nuncfere</span> <span class='ocrx_word' id='word_1_254' title='bbox 743 2754 1078 2796; x_wconf 82' lang='lat' dir='ltr'>adolescentulos</span> <span class='ocrx_word' id='word_1_255' title='bbox 1099 2765 1298 2807; x_wconf 82' lang='lat' dir='ltr'>procaces</span> <span class='ocrx_word' id='word_1_256' title='bbox 1327 2756 1372 2793; x_wconf 85' lang='lat' dir='ltr'>et</span> <span class='ocrx_word' id='word_1_257' title='bbox 1398 2751 1571 2805; x_wconf 85' lang='lat' dir='ltr'>imperi-</span> 
     </span>
     <span class='ocr_line' id='line_1_36' title="bbox 83 2816 1572 2881; baseline 0.003 -23"><span class='ocrx_word' id='word_1_258' title='bbox 83 2820 149 2858; x_wconf 82' lang='lat' dir='ltr'>tos</span> <span class='ocrx_word' id='word_1_259' title='bbox 178 2816 346 2870; x_wconf 65' lang='lat' dir='ltr'>publice</span> <span class='ocrx_word' id='word_1_260' title='bbox 374 2821 427 2863; x_wconf 80' lang='lat' dir='ltr'>ad</span> <span class='ocrx_word' id='word_1_261' title='bbox 456 2823 680 2868; x_wconf 76' lang='lat' dir='ltr'>(licendum</span> <span class='ocrx_word' id='word_1_262' title='bbox 709 2837 901 2881; x_wconf 75' lang='lat' dir='ltr'>surgere.</span> <span class='ocrx_word' id='word_1_263' title='bbox 943 2824 1202 2879; x_wconf 75' lang='lat' dir='ltr'>&#39;Herodiaui</span> <span class='ocrx_word' id='word_1_264' title='bbox 1242 2825 1370 2866; x_wconf 81' lang='lat' dir='ltr'>verba</span> <span class='ocrx_word' id='word_1_265' title='bbox 1398 2823 1471 2877; x_wconf 82' lang='lat' dir='ltr'>qui</span> <span class='ocrx_word' id='word_1_266' title='bbox 1498 2833 1572 2863; x_wconf 85' lang='lat' dir='ltr'>ne-</span> 
     </span>
    </p>

    <p class='ocr_par' dir='ltr' id='par_1_7' title="bbox 143 2895 1308 2938">
     <span class='ocr_line' id='line_1_37' title="bbox 143 2895 1308 2938; baseline -0.001 -6"><span class='ocrx_word' id='word_1_267' title='bbox 143 2897 314 2935; x_wconf 77' lang='lat' dir='ltr'>Comoed.</span> <span class='ocrx_word' id='word_1_268' title='bbox 337 2904 410 2938; x_wconf 76' lang='lat' dir='ltr'>ant.</span> <span class='ocrx_word' id='word_1_269' title='bbox 1251 2895 1308 2935; x_wconf 85' lang='grc'>30</span> 
     </span>
    </p>
   </div>
  </div>
 </body>
</html>
