1786 3210
620 178 970 223 ΧΕΙΡῼΝΕΣ.
1473 180 1557 223 153

67 305 183 341 σαηι,
213 291 443 332 esturbabo
475 307 528 334 ex
556 295 738 334 civitate
775 295 1042 349 impudentes
1079 295 1186 334 istos
1227 293 1417 336 homines
1446 309 1554 342 nau-

24 354 308 404 ¹>*fodica‘rum
337 364 499 404 iudicio
530 366 841 407 condemnatos.
904 367 965 406 De
1005 365 1259 414 nautodicis,
1300 367 1411 418 apud
1449 379 1553 419 quos

18 478 19 481 Ἴ
66 429 95 483 ἡ
135 431 279 485 ξενίας
325 432 474 490 γραφὴ
517 436 807 486 deferebatur,
851 438 1050 490 appositis
1095 437 1459 489 grammaticorum
1512 441 1555 478 et
1630 481 1634 485 ,

66 506 218 559 Lysiae
257 507 361 547 locis
399 507 591 547 accurate
633 508 734 547 dixit
774 503 962 548 Meierus
1006 509 1124 548 Proc.
1165 510 1250 549 Att.
1284 522 1324 560 p.
1354 508 1424 548 83.
1492 508 1555 548 De

69 565 296 630 Osphyo'ne
328 578 430 617 nihii
462 583 719 631 compertum
752 579 911 619 habeo:
943 592 1020 619 nec
1053 585 1193 619 tamen
1225 580 1368 619 fictum
1400 592 1554 620 nomen

68 661 162 688 esse
192 648 454 698 crediderim,
485 662 591 702 quae
622 650 702 689 Th.
737 651 907 703 Bergkii
937 642 1255 691 sententia‘est.
1324 650 1388 690 Ad
1419 650 1552 690 mino—

66 720 124 759 ris
156 732 298 760 versus
330 724 507 759 metrum
540 721 652 772 quod
683 723 844 771 attinet,
877 722 1133 762 Fritzschius
1165 723 1338 762 Dissert.
1370 721 1423 768 de
1448 721 1554 761 Dae-

67 790 137 830 tal.
167 804 209 843 p.
241 791 338 840 116,
377 791 446 843 qui
485 793 770 844 anapaesticus
810 806 1006 834 numeros
1036 794 1261 833 restituere
1291 792 1422 832 voluit
1451 792 1551 832 scri-

66 862 202 902 bendo
247 858 421 900 Πισίαν
453 855 662 915 Ὃφίωνα
692 862 948 918 Λιϊτρεᾳέα,
995 865 1035 904 in
1068 865 1201 904 tribus
1232 864 1346 904 hisce
1378 863 1556 903 nomini-

65 933 142 973 bus
168 933 386 986 quinquies
416 931 603 985 impegit.
643 935 790 987 Qualia
821 936 856 975 si
887 935 955 975 alii
986 935 1273 987 deliquissent,
1305 947 1427 987 quam
1458 947 1553 987 gra-

64 1017 139 1044 ves
169 1004 231 1044 illi
261 1018 297 1044 v.
330 1004 382 1044 ci.
426 1004 673 1045 temeritatis
713 1011 755 1045 et
795 1007 984 1047 inscitiae
1016 1020 1171 1060 poenas
1214 1006 1350 1046 daturi
1390 1006 1552 1046 essent!

65 1075 236 1115 Cautior
265 1075 480 1115 Hanovius
521 1075 548 1114 1.
580 1075 608 1115 1.
648 1078 814 1117 nomina
852 1078 924 1117 illa
955 1091 978 1117 a
1008 1078 1232 1118 schoiiasta
1263 1077 1454 1131 prosecta
1485 1091 1552 1117 ar-

66 1146 265 1195 bitratur,
306 1147 375 1198 qui
407 1159 513 1198 quae
544 1146 654 1199 apud
685 1149 898 1189 Cratinum
929 1149 969 1188 in
1004 1150 1093 1188 aliis
1125 1150 1334 1198 versibus,
1372 1148 1550 1188 iambico

63 1217 130 1256 vel
170 1218 380 1258 trochaico
421 1221 555 1256 metro
593 1219 783 1271 scriptis,
831 1220 980 1259 tradita
1020 1224 1183 1269 essent,
1226 1221 1446 1261 coniuncta
1483 1219 1551 1261 his

64 1288 277 1329 adiecerit.
337 1289 456 1329 Haec
479 1288 583 1327 ratio
612 1296 825 1342 praestare
857 1291 1022 1331 videtur
1053 1291 1091 1331 ei
1123 1291 1549 1344 quamssergkius1.1.

0 1347 1 1388 ἶ
66 1359 295 1412 proposuit,
327 1359 396 1411 qui
427 1359 592 1399 uomina
621 1360 691 1400 illa
722 1363 772 1402 ab
802 1363 894 1415 ipso
910 1361 1079 1403 Cratino
1103 1362 1266 1401 adiecto
1297 1367 1339 1402 et
1370 1366 1550 1403 metrum

66 1430 325 1483 Glyconeum
357 1443 451 1469 esse
484 1431 688 1472 existimat
717 1434 947 1486 praemisso
981 1434 1151 1473 cretico.
1183 1434 1268 1473 Sed
1298 1434 1424 1473 talem
1456 1446 1550 1474 ver-

64 1513 155 1541 sum
191 1506 412 1554 anapaesto
442 1504 684 1544 tetrametro
715 1505 947 1546 subiectum
979 1517 1074 1546 esse
1104 1518 1128 1546 a
1159 1505 1343 1556 Cratino,
1376 1505 1442 1545 vix
1472 1504 1548 1546 ad-

19 1618 25 1622 .
66 1573 198 1614 ducor
227 1578 274 1613 ut
304 1573 485 1613 credam.

775 1717 846 1758 IX.

178 1810 362 1867 Σκῆψιν
388 1814 470 1868 μέν
502 1809 720 1869 Χείρωνες
748 1810 974 1870 ἐλήλυμεν,
1002 1810 1060 1864 ὠς
1089 1811 1413 1866 ὑποθήκας-

175 1928 437 1982 Hephaestio
476 1930 530 1971 de
567 1930 660 1984 syll.
690 1943 731 1984 p.
764 1930 836 1971 17:
880 1929 995 1985 φησὶ
1032 1927 1078 1970 δὲ
1115 1925 1385 1987 ἹΙλιόδωρος
1423 1927 1475 1971 τὸ
1511 1947 1546 1987 μ,

12 2030 23 2041 .
52 1995 382 2055 «ἐπιφερόμενον
411 1995 577 2058 ἀφώνω
605 2000 741 2053 ἦττον
771 2014 859 2041 των
888 1997 1034 2041 ἄλλων
1064 1997 1208 2057 ὑγρῶν
1227 2000 1377 2051 κοινὰς
1406 2003 1550 2044 ποιεῖν

20 2114 22 2119 ,
63 2068 112 2110 ἐν
149 2071 239 2119 τοῖς
278 2068 402 2113 ἔπεσι
440 2069 679 2125 συλλαβάς.
739 2070 813 2114 διὰ
852 2071 982 2114 τοῦτο
1020 2073 1097 2114 καὶ
1129 2073 1350 2130 Κρατῖνος
1378 2073 1425 2116 ἐν
1455 2075 1548 2124 τοῖς

66 2138 261 2198 Χείρωσι
290 2141 498 2195 πεποίηκε
527 2143 709 2197 Σκῆψιν
739 2154 805 2179 ²—-
843 2141 1107 2196 ὑποθήκας,
1146 2141 1247 2186 ἀντὶ
1286 2145 1366 2186 τοῦ
1394 2143 1546 2197 ἐληλύ-

64 2211 238 2266 θαμιν,
289 2207 395 2270 ὅπερ
431 2214 720 2269 ἐξηλέγξαμεν
757 2214 923 2270 ψεῦδος
962 2213 1027 2259 ὅν.
1097 2219 1303 2271 Perquam
1354 2220 1547 2273 ambigua

65 2284 189 2326 huius
221 2299 366 2328 versus
395 2291 438 2328 et
466 2288 590 2328 lectio
623 2292 666 2328 et
695 2289 997 2342 interpretatio.
1069 2290 1149 2330 Pro
1185 2286 1398 2344 ἐλήλυμεν
1427 2292 1544 2334 Flor.

11 2394 25 2401 „
63 2351 331 2409 ἐληλυθμεν.
403 2357 512 2400 Tum
558 2356 774 2413 Χείρωνες
824 2361 1060 2401 'lui-nebus.
1139 2357 1368 2414 Χείρωυας
1413 2365 1545 2404 FHB.

0 2431 7 2443 '
68 2425 260 2500 Χὲιρωνι
291 2430 342 2470 Ν.
400 2426 687 2484 ω.Χείρωνες
718 2432 764 2471 C.
825 2432 979 2472 Verum
1013 2431 1176 2471 videtur
1210 2429 1440 2487 .Χείρωνες,
1471 2434 1548 2475 sed

65 2477 246 2541 dubitari
293 2504 435 2553 potest
475 2506 613 2541 utrum
659 2503 700 2542 id
741 2516 815 2555 pro
855 2504 1040 2543 vocativo
1087 2517 1137 2543 an
1175 2518 1251 2557 pro
1293 2506 1544 2547 nominativo

50 2570 303 2614 habendum
342 2573 408 2613 sit.
477 2573 599 2613 Prius
630 2574 723 2627 ipse
753 2579 953 2628 sequutus
985 2587 1074 2621 sum
1107 2576 1545 2620 con1mem.Misc.1

52 2654 111 2696 v12·
139 2644 166 2685 ἵ
203 2643 290 2685 sive
325 2644 485 2685 nister.
525 2646 616 2686 crit.
655 2659 696 2699 p.
729 2646 797 2688 75.
873 2647 1063 2686 Alterum
1111 2648 1289 2699 probant
1328 2649 1544 2691 [lanovius

70 2713 248 2757 Exci-eit.
286 2716 376 2759 crit.
420 2717 437 2757 1
475 2730 516 2770 p.
547 2717 603 2757 58
652 2722 696 2758 et
733 2718 814 2759 Th.
854 2718 1058 2772 Bergldus
1097 2719 1330 2760 comment.
1373 2734 1414 2774 p.
1446 2720 1546 2772 225,

69 2797 243 2839 quorum
269 2787 342 2830 ine
371 2789 482 2830 huuc
514 2801 679 2831 versum
710 2803 733 2831 a
764 2790 932 2842 Solone,
963 2791 1032 2844 qui
1063 2802 1144 2834 una
1175 2803 1269 2832 cum
1284 2789 1473 2832 Dracone
1503 2795 1548 2831 et
