1786 3210
122 2503 127 2508 ’
197 2507 337 2560 Vulgo
374 2502 506 2555 τῆνος
545 2500 595 2544 δ’
628 2498 743 2555 αὕτη
827 2509 1019 2548 Correxit
1050 2509 1263 2548 Dobraeus
1302 2506 1353 2546 ad
1392 2499 1559 2546 Plut'um
1593 2506 1620 2546 l.
1650 2506 1680 2546 l.

1684 24 1687 26 ‘
1725 0 1786 235 l

215 293 334 346 qunti
375 292 471 334 sint.
547 294 640 347 Quo
678 292 825 336 ordine
865 299 1005 335 autem
1045 292 1257 334 civitatum·
1295 292 1448 335 chorus
1485 296 1701 349 prodierit,

214 365 341 405 hodie
375 364 471 405 sciri
501 377 583 405 non
614 369 776 417 potest,
808 366 886 406 nisi
918 367 1030 418 quod
1064 366 1256 407 ultimum
1287 364 1425 405 locum
1455 367 1589 407 tenuit
1618 369 1702 422 Cy-

213 436 342 477 zicus.
373 436 478 476 Nam
511 435 562 475 de
593 449 643 475 eo
674 437 788 477 nulla
819 450 912 477 esse
943 421 1082 490 potest
1113 436 1330 485 dubitatio,
1362 450 1444 478 non
1474 450 1552 490 per
1581 434 1704 478 στοί-

208 512 316 562 χους
347 510 389 547 et
420 502 528 558 ζυγὰ
557 507 801 559 dispositas,
844 508 918 548 sed
960 509 1081 547 aliam
1123 512 1217 560 post
1258 508 1381 548 aliam
1411 510 1453 548 in
1485 508 1703 551 orchestra

213 578 521 632 comparuisse,
559 578 612 617 de
652 591 733 630 quo
772 585 889 619 recte
928 580 1234 619 admonuerunt
1266 580 1483 620 Dobraeus
1523 580 1575 620 ad
1605 582 1702 622 Ari-

212 650 351 703 stoph.
385 649 493 688 Plut.
526 649 612 688 718
650 652 692 688 et
721 650 908 705 Meierus
947 652 1001 691 de
1032 650 1189 691 Andoc.
1230 656 1352 692 orat.⁴
1377 664 1414 693 c.
1441 651 1573 692 Alcib.
1605 652 1642 694 V
1674 653 1702 693 3

210 734 253 775 p.
286 720 353 770 15,
400 720 648 760 contrariam
695 723 943 762 sententiam
992 725 1195 774 sequente
1242 721 1399 774 Raspio
1439 723 1614 763 Dissert.
1646 723 1701 764 de

209 793 363 845 Eupol.
405 794 546 834 Demis
585 798 627 834 et
666 795 787 834 Civit.
831 807 870 846 p.
903 794 971 834 84.
1041 794 1140 833 Fuit
1180 793 1309 845 igitur
1348 794 1466 834 chori
1505 795 1701 837 introitus

209 864 355 905 similis
395 866 433 905 ei
473 878 597 917 quem
635 866 679 905 in
712 866 868 905 Avibus
906 865 1090 905 instituit
1123 865 1450 917 Aristophanes,
1488 866 1561 906 ubi
1597 866 1701 907 item

208 936 399 989 singulae
429 937 546 977 chori
575 950 780 990 personae
810 937 1132 976 introducuntur
1164 941 1205 976 et
1236 937 1446 989 sigillatim
1476 950 1702 978 recenseri·-

208 1009 290 1047 tur.
378 1009 439 1048 Ac
481 1008 830 1061 quemadmodum
878 1008 918 1047 in
960 1007 1250 1060 Aristophanis
1295 1008 1480 1048 dramate
1529 1008 1612 1049 duo
1655 1009 1701 1050 in

209 1091 334 1119 scena
367 1086 586 1120 versantur
614 1083 791 1129 actores,
821 1092 998 1131 quorum
1026 1079 1131 1119 alter
1149 1079 1200 1118 de
1223 1080 1365 1120 avibus
1397 1080 1594 1133 deincep·
1625 1079 1699 1120 ad-

208 1150 446 1191 volantibus
476 1152 707 1204 interrogat
737 1151 843 1190 alter
873 1152 1122 1204 respondet,
1154 1151 1265 1190 idem
1296 1151 1486 1191 similiter
1513 1151 1697 1203 Eupolin

206 1220 436 1261 instituisse
467 1236 516 1262 ex
547 1222 792 1275 fragmentis
823 1221 1085 1275 intelligitur.
1128 1224 1323 1262 Ceterum
1354 1222 1555 1275 suspicari
1584 1221 1698 1272 licet,

205 1292 293 1333 suis
324 1305 530 1345 quamque
561 1293 767 1332 civitatem
798 1293 1030 1346 insignibus
1062 1297 1247 1333 ornatam
1278 1292 1499 1345 prodiisse,
1530 1293 1696 1333 Tenum

207 1363 483 1417 (Fragm.1)
531 1377 688 1416 angues
726 1364 914 1404 manibus
956 1368 1209 1417 gestantem,
1251 1365 1448 1419 Cyzicum
1492 1368 1695 1404 staterum

205 1429 444 1489 ὁρμαθοὺς
472 1448 715 1488 suspensam
748 1426 1022 1489 (F'ragm.V)‚
1054 1437 1282 1489 Amorgum
1305 1436 1538 1489 'amorginis
1569 1435 1695 1475 vesti-

208 1507 289 1548 bus
319 1506 507 1546 indutam
538 1508 726 1559 (Fragm.
760 1508 852 1558 IV).
919 1507 982 1547 De
1022 1511 1213 1560 tempore
1255 1508 1421 1547 fabulae
1453 1507 1535 1547 hoc
1565 1519 1693 1548 unum

204 1578 349 1619 afferri
379 1581 543 1630 potest,
576 1591 667 1618 eam
698 1583 794 1618 ante
825 1579 1083 1619 Siciliensem
1116 1580 1423 1631 expeditionem
1455 1591 1548 1619 esse
1579 1592 1693 1619 com-

204 1649 389 1691 missam.
450 1649 501 1690 V.
533 1649 643 1690 Hist.
675 1649 764 1689 crit.
795 1663 836 1702 p.
870 1650 967 1690 141.
1037 1649 1199 1690 Eodem
1230 1650 1364 1690 ferme
1395 1654 1584 1703 tempore
1615 1650 1691 1690 do-

205 1725 314 1762 ctam
344 1719 501 1770 videri,
539 1733 620 1772 quo
652 1721 813 1773 Vespas
852 1720 994 1760 docuit
1024 1721 1347 1774 Aristophanes,
1385 1721 1428 1761 h.
1453 1733 1490 1762 e.
1523 1721 1690 1775 Olymp-

205 1791 424 1834 Lxxxlx
454 1792 495 1841 2,
535 1804 585 1831 ex
617 1793 817 1844 Amyniae
856 1792 1065 1845 legatione
1106 1793 1148 1832 in
1186 1797 1362 1845 utraque
1403 1792 1544 1833 fabula
1578 1805 1691 1834 com-

201 1865 428 1906 memorata
459 1863 647 1917 (Fragm.
679 1863 759 1915 Xl)
790 1877 872 1904 non
904 1863 1013 1904 male
1046 1863 1204 1917 colligit
1234 1863 1414 1916 Raspius
1442 1876 1483 1917 p.
1515 1863 1586 1904 84.

213 174 301 226 508
394 208 396 210 ·
807 178 1114 221 EUPOLIDIS

932 2016 964 2056 1.

1218 2132 1359 2185 Τῆνος
1388 2125 1517 2185 αὕτη,

431 2214 621 2267 πολλοὺς
649 2214 810 2274 ἔχουσα
842 2215 1093 2276 σκορπίους.

313 2362 545 2404 Scholiasta
576 2364 788 2417 Aristoph.
822 2365 931 2405 Plut.
962 2366 1068 2405 718:
1107 2360 1134 2413 ὴ
1179 2360 1319 2412 Τῆνος
1357 2354 1471 2413 αὕτη
1509 2359 1684 2417 θηριώ-

200 2434 280 2486 δης
317 2431 440 2474 δοκεῖ
473 2423 602 2475 εἶναι.
661 2435 737 2474 καὶ
779 2432 972 2484 Εὔπολις
1014 2431 1212 2475 Πόλεσιν
1255 2432 1397 2484 Τῆνος
1435 2426 1549 2484 αὕτη
1589 2432 1681 2476 κτλ.

198 2572 460 2632 σκορπίους,
506 2578 853 2630 quemadmodum
893 2579 1088 2628 decebat,
1132 2583 1348 2631 serpentes
1385 2577 1678 2629 interpretem.

197 2651 250 2694 V.
281 2648 669 2703 Schellenbergium
700 2650 752 2691 ad
781 2650 1017 2692 Antimachi
1047 2651 1211 2702 Fragm.
1230 2648 1343 2691 LXX
1359 2661 1401 2700 p.
1419 2647 1515 2688 103.
1555 2648 1679 2689 Falso

197 2719 377 2774 Ruspius
405 2733 430 2761 a
460 2716 704 2775 σκορπίοις,
736 2721 847 2774 quod
877 2720 1053 2775 piscium
1084 2732 1216 2774 genus
1248 2723 1325 2769 est,
1356 2718 1532 2760 insulam
1565 2731 1678 2772 com-

198 2791 385 2835 mendari
414 2792 598 2847 putabat.
