1786 3210
207 194 299 235 2:350
663 202 665 206 ’
755 190 1169 234 -ΡΗΕΠΕΟΒΆΤΙΒ
1239 211 1241 213 ·

217 306 296 348 λον
329 302 615 363 Φερεκράτης.
645 332 700 338 —
732 306 836 348 lbid.
870 306 953 346 13⁰
983 299 1275 358 ὀνομάζονται
1307 303 1354 346 δὲ
1382 305 1427 346 οἱ
1456 303 1704 362 σφόνδυλοι

218 378 294 419 καὶ
324 378 550 433 στροφεῖς,
582 374 704 432 παρὰ
734 374 818 427 τὴν
847 370 920 417 ἐπ’
955 371 1106 424 αὐτοῖς
1135 373 1215 415 τοῦ
1243 371 1464 430 τραχήλου
1493 374 1706 434 στροφήν,

219 450 296 490 καὶ
326 447 661 504 στρόφιγγες
692 445 814 503 παρὰ
847 441 1121 502 Φερεκράτει.
1173 448 1234 489 lta
1266 450 1390 489 etiam
1422 449 1557 499 Plato,
1587 451 1706 492 cuius

222 523 360 562 locum
392 522 585 574 apposuit
619 521 905 560 Rulinkenius'
926 520 977 560 ad
1008 520 1117 560 Tim.
1150 520 1250 561 Lex.
1280 534 1320 573 p.
1352 521 1454 562 240.
1502 545 1559 551 --
1603 521 1706 563 lbid.

225 595 305 633 176
348 590 542 632 ἐκαλεῖτο
575 589 620 630 δὲ
651 590 727 630 καὶ
757 586 884 638 τύλος
914 587 965 628 τὸ
996 582 1193 641 αἰδοῖον,
1234 583 1350 630 ὅθεν
1378 589 1455 630 καὶ
1489 586 1708 645 Φερεκρά-

221 676 299 713 της
328 661 379 702 τὸ
409 659 606 716 γυμνοῦν
636 658 746 701 αὐτὸ
776 657 831 718 τῇ
856 659 969 715 χειρὶ
998 655 1315 701 άποτυλοῦν
1344 651 1477 702 εἶπεν.
1532 663 1709 716 Erycius

221 736 263 774 in
306 735 425 776 Anal.
455 735 635 774 Brunck.
670 735 707 774 11
737 733 846 774 296:
885 720 933 771 εὗ
971 729 1269 783 τετυλωμένον
1305 724 1457 774 ὅπλον.
1525 735 1710 788 Etymol.

224 806 285 845 M.
316 819 358 858 p.
390 806 473 846 125
505 806 574 845 23.
605 799 901 845 Ἀπετύλουνε
932 798 1156 858 ἀπέσυρον
1184 800 1235 843 τὸ
1267 799 1455 846 αἰδοῖον.

766 955 939 998 LXXII.
998 955 1191 998 LXXIII.

340 1042 490 1084 Pollux
522 1044 583 1084 111
614 1045 695 1084 80:
731 1041 807 1083 καὶ
841 1036 1110 1090 εὔδουλος
1151 1037 1175 1081 ὁ
1204 1029 1254 1081 εὖ
1284 1040 1373 1089 τοῖς
1402 1035 1577 1089 δούλοις
1601 1035 1715 1097 χρώ-

223 1125 354 1168 μενος
385 1111 507 1170 παρὰ
542 1110 816 1170 Φερεκράτει.
860 1140 914 1147 —-
957 1114 1073 1154 Idem
1104 1114 1162 1156 lV
1191 1115 1270 1155 121
1304 1111 1480 1168 πρῶτον
1508 1111 1555 1153 δὲ
1586 1109 1717 1164 ξύλον

226 1186 301 1235 (in
333 1186 531 1238 theatro)
572 1180 599 1234 -ἡ
640 1181 874 1242 προεδρία,
913 1181 1112 1240 μάλιστα
1149 1185 1231 1238 μὲν
1262 1182 1507 1236 δικαστῶν,
1546 1179 1621 1239 ἐφ’
1650 1174 1716 1224 οἷν

226 1255 301 1296 καὶ
344 1254 422 1296 τὸν
459 1254 634 1312 πρῶτον
671 1253 920 1307 καθίζοντα
971 1253 1393 1311 πρωτόβαθρον
1443 1251 1716 1313 Φερεκράτης

228 1327 371 1383 φησὶν
413 1323 437 1368 ὁ
483 1323 954 1384 κωμῳδοδιδάσκαλος.
1029 1329 1090 1369 lta
1127 1329 1259 1369 codex
1295 1330 1438 1370 Falck.
1477 1343 1554 1384 pro
1589 1325 1716 1368 'Em-

229 1394 403 1452 κράτης.
471 1400 532 1440 De
571 1391 782 1441 olion-eutis
812 1401 993 1454 primum
1032 1401 1172 1442 locum
1202 1401 1245 1443 in
1278 1414 1403 1444 scena
1433 1401 1716 1443 obtinentibus

230 1471 340 1512 male
372 1472 549 1525 explicat
580 1471 753 1513 Antiatt.
786 1486 827 1525 p.
860 1473 958 1514 112.

771 1618 960 1662 LXXIV.
1022 1619 1188 1662 LXXV.

346 1709 493 1750 Pollux
524 1711 561 1752 V
592 1712 672 1751 26:
712 1706 860 1750 πάντα
900 1711 981 1764 μὲν
1016 1699 1097 1750 οὗν
1126 1707 1182 1749 τὰ
1212 1706 1459 1763 θηρευτικά
1488 1706 1719 1763 πλέγματα

232 1775 388 1819 δίκτυα
419 1778 590 1821 καλοῖτ’
625 1777 694 1823 α’ν.
758 1778 1034 1838 Φερεκράτης
1076 1777 1126 1821 δ’
1163 1777 1280 1821 αὐτὰ
1307 1779 1383 1821 καὶ
1421 1778 1545 1832 ἕρκη
1581 1770 1715 1824 εἶπεν.

233 1852 410 1893 Photius
442 1868 483 1906 p.
517 1854 570 1894 14
603 1854 671 1895 14.
694 1845 889 1907 ‘'prn:
923 1848 1086 1893 πλεκτά
1116 1865 1216 1893 τινα
1247 1850 1293 1892 ἐκ
1322 1850 1481 1906 τριχῶν
1510 1842 1554 1892 οἱ
1581 1865 1720 1906 κωμι-
1780 1859 1781 1877 ³

232 1922 302 1961 κοὶ
333 1923 376 1963 οἱ
408 1923 595 1964 παλαιοὶ
624 1923 852 1965 καλοῦσιν.
889 1951 945 1957 —
978 1926 1095 1966 Idem
1126 1925 1275 1966 Pollux
1306 1925 1384 1966 Vll
1415 1925 1471 1964 90
1499 1920 1586 1962 τῶν
1615 1937 1720 1978 καρ-

231 1990 366 2034 κίνων
397 1993 718 2048 (μνημονεύει)
754 1991 1027 2050 Φερεκράτης
1058 1990 1398 2048 Καττύομαι
1431 1993 1556 2044 τοὺς
1585 2009 1648 2035 κα
1663 2010 1718 2051 ρ-

233 2061 433 2114 κίνους.
497 2068 601 2108 Cod.
642 2069 797 2108 Kulmii
833 2063 1062 2120 κατύομεν.
1126 2068 1188 2108 De
1227 2061 1471 2119 καρκίνοις,
1510 2068 1718 2108 solearum

235 2151 392 2190 genere
429 2152 453 2178 a
483 2139 699 2191 multiplici
731 2140 1004 2193 corrigiorum
1046 2151 1153 2179 nexu
1195 2137 1426 2189 nominato,
1468 2138 1534 2179 osr
1579 2140 1719 2194 Hesy-

234 2208 353 2248 chius
385 2214 427 2248 et
459 2209 634 2251 photius
665 2224 698 2252 s.
730 2224 767 2252 v.
797 2206 1015 2265 καρκίνος.
1408 2202 1411 2206 ’

744 2358 933 2402 LXXVI.
1005 2356 1213 2399 LXXVII.

353 2448 501 2488 Pollux
535 2450 613 2491 Vll
646 2450 721 2489 94:
757 2445 997 2488 Ἰἀΐδια
1027 2447 1073 2488 δὲ
1105 2444 1305 2488 ποικίλον
1333 2446 1408 2487 καὶ
1437 2444 1721 2487 πολυέλικτον

236 2512 461 2575 ὑπόδημα.
491 2514 753 2571 μνημονεύει
787 2515 837 2557 δ’
869 2518 1008 2560 αὐτοῦ
1023 2515 1218 2559 Πλάτων
1249 2532 1293 2558 τε
1321 2518 1397 2558 καὶ
1432 2513 1717 2572 Φερεκράτης.

235 2588 348 2629 Vera
389 2593 595 2643 scriptura
635 2605 727 2632 esse
766 2592 930 2632 videtur
970 2588 1121 2647 ῥᾴδια.
1183 2592 1420 2645 Hesychius
1463 2591 1513 2630 ab
1546 2590 1719 2642 Iunger—

235 2671 384 2700 manno
425 2663 595 2702 allatus:
640 2657 890 2717 Ῥᾴδιαιε
940 2657 1152 2715 ὑπόδημα
1192 2658 1333 2701 ποιόν.
1393 2659 1437 2700 οἱ
1475 2657 1521 2698 δὲ
1552 2655 1720 2698 σανδά-

233 2726 346 2771 λιον.
406 2732 488 2771 Ubi
517 2737 634 2772 recte
665 2729 800 2788 ῥᾴδια
831 2734 1030 2774 scribunt.
1086 2758 1143 2766 —-
1200 2734 1315 2774 ldem
1347 2733 1495 2774 Pollux
1524 2731 1605 2774 Vll
1636 2731 1719 2771 179

234 2798 690 2857 δακτυλιουργὸν
719 2802 860 2858 εἴρηκε
895 2798 1180 2859 Φερεκράτης.
1414 2816 1417 2818 ·
