1786 3210
297 215 380 255 146
931 205 1166 249 CRATINI

295 307 644 382 περισσοκαλεῖς.’
671 323 886 363 Postrema
908 321 1034 361 verba
1065 318 1195 358 codex
1225 317 1389 367 iterum,
1418 318 1494 359 sed
1525 319 1662 361 alieno
1690 319 1786 362 loon

296 403 339 439 et
368 399 426 438 ita
456 397 610 449 scripta
639 395 807 441 habet‚¹
827 385 1157 443 ἀγαννόφρονες
1187 384 1387 444 ἡδυλόγῳ
1426 386 1566 446 σοφίᾳ
1601 390 1785 445 βρωτων

295 463 420 524 παρὰ
446 468 537 519 (vel
567 463 687 518 περὶ)
719 463 765 503 σὲ
796 459 952 508 καλεῖς.
998 461 1105 503 Vide
1122 461 1302 500 Bekkeri
1333 460 1639 502 adnotationem
1671 462 1786 502 criti-

296 553 386 581 cam
427 553 469 591 p.
503 538 625 576 1106.
695 535 835 577 Verbo
872 526 1144 587 ἀγανόφρων
1181 532 1304 572 etiam
1345 532 1647 585 Aristophanes
1687 545 1786 574 usus

297 614 362 651 est
394 608 515 650 Avib.
550 606 674 646 1321.
746 606 944 644 Ceterum
987 604 1068 644 duo
1100 604 1262 657 priores
1293 616 1437 644 versus
1467 605 1618 657 reliqui
1646 609 1692 644 ut
1723 603 1786 644 di-

296 680 435 721 stincti
466 681 562 718 sunt
590 676 698 729 apud
718 676 973 716 Bekkerum:
1006 689 1143 728 neque
1174 675 1340 715 videtur
1370 689 1419 715 ea
1449 676 1554 715 ratio
1585 676 1678 715 iure
1707 675 1786 716 im-

294 750 462 804 probari
502 761 639 801 posse.
709 747 791 788 Th.
823 748 1030 801 Bergkius
1059 753 1199 787 tamen
1231 747 1464 787 Commeat.
1497 761 1536 800 p.
1568 747 1652 787 234
1692 760 1786 786 ver-

296 833 366 877 sus
395 820 490 860 illos
520 821 578 859 ita
610 819 860 871 dispescuit,
889 822 936 859 ut
967 817 1166 871 βροτοῖσι
1204 830 1298 858 cum
1329 818 1462 857 altero
1494 819 1783 870 coniungatur.

293 891 474 944 Reliqua
504 891 546 930 in
578 890 682 930 duos
714 903 857 930 versus
875 890 1013 930 divisit
1029 891 1244 930 Bekkerus
1273 889 1329 929 ita
1363 894 1410 929 ut
1439 890 1597 942 primus
1626 888 1667 927 in
1701 900 1783 928 σο-

230 1014 233 1017 >
294 957 382 1018 φίᾳ
421 962 597 1002 desinat.
664 962 838 1001 Rectius
879 975 928 1001 ea
966 962 1018 1001 ad
1058 974 1184 1002 unum
1216 973 1380 1000 versum
1413 960 1624 1000 coniunxit
1656 961 1784 1012 Berg-

295 1033 403 1073 kius.
478 1031 668 1073 Eandem
716 1034 839 1072 metri
877 1034 1058 1086 speciem
1100 1045 1278 1084 sequeus
1326 1031 1604 1083 fragmentum
1645 1031 1785 1079 habet,

296 1116 378 1145 nec
407 1103 651 1144 dissimilem
685 1103 889 1154 lncert.1,
921 1104 955 1144 si
986 1110 1125 1144 tamen
1154 1104 1197 1144 id
1228 1106 1343 1142 recte
1374 1103 1584 1142 constitui.
1645 1103 1784 1154 Repe-

294 1175 387 1216 titio
416 1175 495 1216 ista
525 1175 747 1215 verborum
780 1172 1008 1230 βροτοῖσιν
1040 1170 1196 1230 ἄνδρις
1227 1170 1422 1228 βροτῶν,
1453 1175 1496 1214 ἰη
1528 1186 1607 1226 qua
1635 1173 1785 1214 haere-

293 1246 366 1288 bat
394 1246 615 1299 Bergffius,
647 1246 753 1287 nihil
785 1247 1029 1288 offensionis
1060 1247 1217 1287 habere
1247 1245 1426 1290 videtur.

1009 1388 1063 1429 ll.

290 1470 503 1516 ‘Amnon
528 1473 574 1516 δὲ
605 1472 873 1532 σισύμβριον
902 1470 932 1527 ἢ
947 1473 1098 1532 κρίνον
1130 1473 1157 1528 ἢ
1187 1475 1321 1534 ῥόδον
1349 1472 1463 1532 παρ’
1497 1465 1574 1524 οὖς
1603 1470 1784 1516 ἐθάκει·

261 1579 264 1582 ⁴
295 1557 418 1617 παρὰ
442 1562 567 1617 χερσὶ
598 1560 644 1602 δὲ
673 1561 818 1617 μῆλον
846 1560 956 1619 ἔχων
1014 1568 1031 1588 *
1093 1568 1111 1588 ‘¹
1171 1567 1189 1587 *
1252 1558 1452 1604 σκίπωνὰ
1475 1556 1522 1602 τ’
1556 1556 1784 1617 ἠγόραζεν.

409 1677 651 1718 Athenaeus
680 1677 759 1719 XII
788 1693 830 1732 p.
861 1679 946 1719 553
964 1693 1011 1719 e:
1043 1676 1119 1718 καὶ
1146 1674 1228 1717 τὸν
1257 1676 1329 1718 ἐπὶ
1364 1673 1708 1732 Θιμιστοκλέους
1739 1673 1786 1723 δὲ

299 1741 402 1800 βίον
439 1744 726 1798 Τηλεκλείδης
763 1747 810 1788 ἐν
839 1745 1122 1803 Πρυτάνεσιν
1160 1745 1301 1803 ἁβρὸν
1339 1744 1450 1789 ὄντα
1489 1743 1784 1802 παραδίδωσι.

301 1816 528 1874 Κρατῖνος
566 1816 613 1858 δὲ
651 1817 698 1859 ἐν
730 1817 927 1875 Χιίρωσι
968 1818 1050 1870 τὴν
1089 1818 1262 1876 τρυᾳήν
1290 1817 1543 1875 ἐμφανίζων
1581 1817 1663 1869 τὴν
1699 1816 1786 1859 τῶν

298 1886 578 1944 παλαιτέρων
599 1884 745 1945 φησίν
765 1887 973 1931 Ἀπαλὸν
988 1889 1034 1931 δὲ
1049 1889 1140 1931 κτλ.
1173 1894 1374 1945 Apertum
1397 1898 1460 1933 est
1476 1891 1652 1932 describi
1667 1905 1785 1932 mun-

299 1961 399 2002 dum
431 1965 474 2001 et
510 1962 744 2015 elegantem
765 1963 965 2013 habitum,
997 1963 1129 2015 qualis
1160 1964 1333 2004 vetustis
1350 1963 1671 2005 Atheniensibus
1699 1963 1784 2003 usi-

298 2035 409 2072 tatus
442 2036 547 2072 erat.
578 2033 797 2087 Adscripsi
829 2040 967 2075 autem
999 2035 1135 2075 locum
1165 2035 1221 2074 ita
1252 2038 1299 2074 ut
1328 2047 1422 2074 eum
1451 2035 1533 2074 iam
1565 2034 1662 2074 olim
1694 2047 1782 2074 cor-

296 2103 391 2164 rexi·
417 2102 537 2143 Curis
556 2104 645 2144 crit.
663 2117 704 2157 p.
719 2106 789 2154 62,
821 2110 1022 2158 sequente
1052 2106 1294 2146 Hermanno
1327 2106 1467 2146 Doctr.
1489 2110 1610 2146 metr.
1630 2119 1670 2158 p.
1686 2105 1782 2156 593,

297 2173 379 2214 nisi
409 2174 520 2225 quod
550 2187 693 2214 versus
724 2177 847 2227 paulo
879 2174 1000 2216 aliter
1030 2176 1227 2216 distinxit.
1268 2175 1357 2216 Cfr.
1389 2176 1602 2216 Hanovius
1636 2178 1786 2216 Exerc.

300 2245 391 2285 crit.
409 2258 450 2298 p.
470 2245 538 2286 64.
571 2246 706 2298 Vulgo
723 2246 877 2300 legitur
900 2242 1168 2302 σισύμβριον
1197 2246 1347 2300 κρίνον
1377 2247 1530 2287 omisso
1560 2241 1591 2296 ἤ
1620 2254 1662 2286 et
1684 2248 1779 2288 ναξ

298 2309 530 2370 ἠγόραζον.
560 2317 784 2366 Lacunam,
801 2331 923 2371 quam
954 2318 1192 2367 iudicaram,
1223 2318 1363 2358 addito
1391 2312 1551 2357 λάσιον
1576 2318 1777 2371 suprlevil

301 2387 381 2428 Th.
413 2386 620 2441 Bergkius
652 2389 888 2430 Comment.
920 2403 960 2441 p.
993 2389 1092 2438 235,
1134 2389 1245 2441 quod
1283 2390 1364 2430 hoc
1394 2389 1560 2442 quidem
1589 2389 1682 2430 loco
1713 2403 1775 2442 pa-

299 2470 393 2498 rum
422 2462 564 2512 aptum
595 2459 698 2499 mihi
727 2461 826 2500 mali
857 2459 1073 2512 epitheton
1106 2473 1200 2500 esse
1239 2456 1416 2500 videtur.
1487 2459 1699 2501 Porsenna
1733 2463 1774 2502 ιιι

299 2529 517 2583 Aristoph.
548 2530 676 2583 Vesp.
709 2530 820 2570 1522
850 2530 987 2570 locum
1018 2531 1076 2569 ita
1107 2531 1343 2581 constituit:

386 2594 591 2639 ’Λπαλόν
621 2599 667 2640 δὲ
697 2596 964 2654 σισύμβριον
993 2593 1023 2649 ἢ
1051 2599 1200 2655 κρίνον
1229 2595 1341 2653 παρ’
1372 2587 1449 2646 οὖς
1478 2595 1658 2640 ἐθάκει·

382 2666 506 2724 παρὰ
529 2670 654 2725 χερσὶ
685 2670 731 2711 δὲ
754 2670 898 2724 μῆλον
927 2669 1035 2725 ἔχων
1065 2667 1266 2711 σκίπωνὰ
1295 2665 1345 2710 τ’
1377 2665 1606 2724 ἠγόραζον.

300 2740 435 2793 Quem
465 2747 665 2795 sequutus
693 2749 758 2785 est
788 2744 1040 2785 Dindorfius.
1071 2743 1155 2784 Sed
1187 2757 1307 2783 rosae
1337 2743 1735 2785 commemoratione

299 2820 426 2865 aegre
462 2812 673 2856 desidero.
743 2816 931 2858 Eosdem
962 2815 1087 2857 flores
1115 2816 1307 2856 similiter
1337 2815 1550 2856 coniunxit
1585 2814 1766 2856 Herodo-
