1786 3210
242 272 346 317 ἁντὶ
376 274 456 317 τοῦ
486 274 549 322 δέ.
577 274 773 327 Εὔπολις
801 272 1010 328 Βάπταις
1036 273 1360 334 Ἀναρίστητος
1387 274 1452 321 ιίίν
1478 281 1570 324 κτλ.
1631 285 1726 328 δαὶ.

243 349 341 401 das,
378 343 548 390 Ἀλλὰ
579 347 697 406 7020:
737 345 840 390 ἀντὶ
865 347 946 390 τοῦ
974 348 1037 390 δέ.
1102 345 1321 401 Εὔπολις,
1364 355 1516 395 ceteris
1552 356 1730 398 omissis.

242 420 376 462 Recte
405 421 511 462 haec
528 423 870 465 winkelmannu·
901 422 1070 475 Proleg.
1102 424 1153 462 ad
1173 423 1359 463 Platonis
1375 424 1563 478 Euthyd.
1579 440 1620 479 p.
1634 427 1731 469 XLI

246 493 300 533 ad
331 494 523 534 Gonnum
553 494 765 533 fidicinem
803 493 1014 534 rettulisse
1052 493 1239 543 videtur,
1282 494 1352 546 qui
1390 492 1615 550 στέφανον
1649 498 1733 552 μὲν

246 559 357 617 ἔχων
387 559 502 620 δίψῃ
533 559 582 603 δ’
612 559 848 612 ἀπολωλώς
878 564 1030 605 dicitur
1060 565 1110 606 ab
1141 565 1353 620 Aristoph.
1383 567 1494 620 Equ.
1522 567 1622 610 535.

240 164 327 206 448
632 192 636 194 >
819 162 1127 207 EUPOLIDIS

955 688 1027 730 IV·

439 764 549 812 ‘'Ou
577 767 655 812 οὐκ
684 766 928 828 ἀτρύφερος
956 766 1059 812 οὐδ’
1093 765 1234 829 ἄωρός
1262 769 1356 815 ἐστ’
1388 770 1515 832 ἀνήρ.

358 886 663 928 Grammaticus
707 885 890 926 Bekkeri
930 886 1089 927 Anecd.
1131 900 1173 940 p.
1204 888 1290 929 460
1323 888 1393 931 25.
1436 882 1734 944 Ἀτρύφεροςε

244 953 367 1000 ἔστιν
406 954 434 1008 ἡ
472 955 584 1013 λέξει
620 955 668 996 ἐν
703 952 913 1005 Βάπταις
949 951 1200 1006 Εὐπόλιδος
1229 952 1338 999 (Ότι
1374 953 1455 1001 οὐκ
1493 956 1737 1017 ἀτρύφερος

243 1028 334 1071 κτλ.
395 1031 555 1072 Eadem
586 1029 737 1070 Suidas
767 1042 807 1070 v.
836 1022 1094 1085 ἀτρύφερος.
1124 1028 1217 1071 ‘De
1255 1031 1472 1073 Alcibiade
1511 1033 1618 1074 haec
1654 1034 1737 1075 diei

243 1103 418 1158 putabat
448 1101 709 1144 Fritzschius
741 1102 911 1154 quaest.
942 1101 1069 1142 Arist.
1101 1102 1120 1142 I
1149 1115 1191 1155 p.
1221 1103 1320 1145 237.

974 1228 1026 1269 V.

359 1310 642 1364 Harpocratio
685 1323 725 1364 p.
757 1311 841 1352 142
879 1311 949 1352 23.
1010 1311 1242 1354 Dinarchus
1280 1313 1557 1367 Polyeuctum
1604 1309 1736 1352 παλι-

246 1378 451 1437 ναίρετον
490 1382 727 1435 appellavit,
757 1373 827 1421 ὅτι
865 1378 1148 1436 συκοφάντης
1189 1378 1322 1432 ἁλοὺς
1359 1381 1616 1439 ἐζημιοῦτο,
1660 1382 1740 1423 καὶ

247 1449 324 1493 διὰ
362 1448 489 1493 τοῦτ’
529 1446 739 1492 ἐκωλύετο
787 1450 927 1505 λέγειν
966 1453 1072 1509 πρὶν
1112 1450 1326 1495 ἀποτῖσαι
1362 1451 1445 1505 τὴν
1481 1450 1644 1509 ζημίαν
1679 1449 1738 1505 ἢν

245 1519 455 1581 ὤφειλεν,
485 1519 626 1565 ἔπειτ’
652 1518 879 1572 ’ἀποτίσας
908 1521 991 1574 τὴν
1019 1521 1181 1578 ζημίαν
1210 1522 1344 1567 πάλιν
1372 1522 1537 1578 ἔλεγεν,
1565 1520 1623 1573 ὥς
1653 1522 1738 1575 δη-

246 1594 405 1637 λοῦται
432 1593 508 1636 καὶ
537 1592 669 1635 τοῦτο
699 1592 747 1635 ἐν
776 1592 836 1652 τῷ
865 1590 993 1652 λόγῳ.
1034 1588 1105 1636 ὅτι
1133 1594 1216 1650 γὰρ
1247 1594 1349 1646 τοὺς
1378 1592 1605 1645 τοιούτους
1634 1592 1734 1637 ἐκά-
1785 1640 1786 1655 ¹

246 1665 355 1708 λουν
395 1664 501 1708 παλ
517 1665 852 1721 ιναιρέτους,
890 1666 967 1707 καὶ
997 1663 1099 1715 τούς
1137 1664 1624 1724 ἀποχειροτονηθέντας
1653 1664 1736 1718 τὴν
1785 1657 1786 1699 3

247 1733 389 1794 ἀρχὴν
417 1736 493 1778 καὶ
524 1733 660 1778 πάλιν
685 1737 1110 1795 χειροτονηθέντας,
1149 1736 1343 1789 Εὔπολις
1379 1753 1425 1780 τε
1453 1737 1501 1780 ἐν
1529 1734 1738 1790 Βάπταις
1785 1723 1786 1730 ¹

249 1808 383 1861 δηλοῖ
405 1807 481 1850 καὶ
503 1803 759 1865 ”Αρχιππος
788 1807 835 1850 ἐν
858 1804 1086 1864 Ἰχθύσιν.

948 1925 1022 1967 VI.

431 2005 553 2050 Αλλ’
582 2004 679 2063 οὐχὶ
711 2004 904 2049 δυνατόν
932 2007 1081 2049 ἐστιν·
1112 2005 1166 2049 οὐ
1193 2005 1278 2064 γὰρ
1307 2004 1421 2048 ἀλλὰ
1449 2022 1561 2066 προ-

428 2089 655 2148 βούλευμα
685 2089 959 2147 βαστάζουσι
987 2091 1065 2143 τῆς
1094 2089 1261 2141 πόλιως
1289 2091 1416 2147 μέγα.

365 2209 628 2263 Hephaestio
661 2209 718 2252 IV
748 2222 789 2262 p.
815 2209 870 2249 27
902 2209 955 2249 de
983 2208 1193 2249 vocabulis
1225 2208 1335 2248 inter
1365 2207 1470 2248 duos
1499 2220 1646 2249 versus
1675 2208 1737 2249 di-

250 2280 370 2322 visis:
401 2276 496 2320 ἔνια
527 2278 573 2320 δὲ
603 2278 678 2321 καὶ
708 2277 941 2328 παίζουσιν
975 2277 1018 2319 οἱ
1047 2276 1243 2332 κωμικοί,
1272 2274 1330 2326 ὠς
1360 2274 1549 2327 Εὔπολις
1579 2277 1625 2320 ἐν
1640 2276 1737 2320 Βά-

251 2365 383 2400 πταις
411 2347 551 2392 'AM'
594 2349 691 2405 οὐχὶ
733 2347 927 2391 δυνατόν
964 2349 1054 2391 κτλ,
1115 2351 1353 2404 Legebatur
1393 2351 1491 2392 olim
1522 2346 1629 2391 ἄλλο
1659 2365 1735 2406 pro

251 2419 379 2465 ἀλλά.
418 2424 608 2465 Correxit
638 2425 853 2465 Bentleius
883 2424 934 2463 ad
966 2424 1069 2464 Call.
1101 2424 1171 2463 Fr.
1202 2423 1329 2463 XCll.
1368 2424 1462 2463 Non
1483 2423 1736 2476 intelligitur

254 2496 355 2549 quid
383 2496 549 2536 ridiculi
578 2496 659 2536 hoc
689 2496 782 2536 loco
812 2496 854 2535 in
885 2495 956 2534 illa
976 2495 1165 2534 vocabuli
1193 2478 1502 2547 προβούλευμα
1534 2494 1735 2533 divisione

253 2568 391 2608 inesse
431 2568 582 2621 possit:
635 2580 714 2608 nee
751 2566 862 2606 ullus
900 2578 1080 2617 unquam
1123 2570 1246 2618 poeta
1285 2565 1492 2613 comicus,
1537 2569 1734 2616 quantum

253 2639 422 2691 quidem
453 2639 580 2680 hodie
622 2638 787 2687 scimus,
827 2636 910 2676 tale
953 2637 1050 2687 quid
1090 2637 1132 2676 in
1171 2635 1369 2674 trimetris
1415 2634 1494 2674 sibi
1530 2635 1732 2687 permisit.

254 2708 330 2750 Gfr
359 2709 571 2749 Porsonus
602 2709 654 2748 ad
685 2707 839 2761 Toupii
868 2706 1046 2747 Emend.
1077 2719 1119 2759 1).
1134 2705 1233 2745 501.
1291 2705 1381 2745 Nec
1411 2705 1462 2744 de
1493 2705 1623 2746 nihilo
1654 2710 1732 2757 est,

252 2779 364 2833 quod
394 2780 475 2822 Th.
506 2779 714 2834 Bergkius
744 2779 978 2821 Comment.
1007 2790 1050 2832 p.
1070 2777 1154 2818 296
1184 2776 1391 2826 observat,
1422 2775 1494 2818 ubi
1524 2777 1607 2819 duo
1637 2789 1731 2818 ver-
