1786 3210
1108 112 1125 133 Ι

581 180 1001 225 memma-mss,
1501 193 1558 234 13

69 301 303 356 Hephaest.
327 302 374 353 p.
405 298 461 339 97
490 296 617 339 habet
647 284 775 353 ᾆσμα
806 291 946 350 διείμ’
977 290 1249 352 ήσχυνόμην.
1321 304 1433 349 Hinc
1462 321 1555 351 001·-

67 374 157 414 rexi
187 373 289 415 olim
318 371 372 413 ad
402 369 582 410 Philem.
613 381 654 422 p.
686 368 796 408 382:

510 438 519 445 ”
615 436 876 494 Μεγαρικῆς
905 437 1140 496 κωμῳδίας

463 499 580 567 ᾆσμ’
614 505 668 550 οὐ
699 506 851 564 δίειμ’.
883 505 1143 567 ἧσχυνόμην

463 579 515 622 τὸ
547 579 698 637 δρᾶμα
730 578 990 638 Μεγαρικὸν
1014 585 1172 627 ποιεῖν.

65 661 265 702 Fortasse
302 660 441 706 recte3
480 655 619 709 priora
649 659 765 695 certe
796 642 908 709 ᾆσμ’
942 648 996 694 οὐ
1027 651 1165 710 δίειμι
1194 659 1409 703 verissima
1434 667 1550 717 puto.

64 733 126 773 Ao
155 730 372 771 confirmat
402 727 707 780 quodammodo
735 728 858 767 Bern.
891 727 1093 769 Feliciani
1122 731 1260 771 versio
1289 734 1400 785 apud
1432 735 1552 777 Gais-

62 801 246 842 fordium
287 801 316 842 1.
347 801 375 841 Ι.
410 804 635 853 praetereo
665 811 836 838 carmen
865 797 1118 852 Megaricae
1147 804 1416 846 comoediae.-
1451 820 1552 848 nam

60 887 127 913 me
147 873 286 927 pudet
306 873 460 923 facere
488 869 756 924 Megaricam
777 868 991 921 fabulam.
1061 872 1179 924 Quae
1216 874 1252 914 si
1292 875 1345 915 ad
1378 878 1551 920 verbum

62 957 114 986 ex
150 944 313 998 graecis
355 954 551 996 expressa
593 945 713 992 sunt,
751 941 976 995 suspiceris
1014 941 1154 985 locum
1190 943 1250 987 ita
1291 948 1551 992 constituen-

58 1015 159 1057 dum
190 1028 297 1066 esse,

290 1073 404 1142 ᾆσμ’
437 1078 491 1124 οὐ
519 1079 657 1138 δίειμι
689 1081 947 1139 Μεγαρικῆς
974 1081 1230 1143 κωμῳδίας·

285 1151 555 1212 αἰσχύνομαι
584 1152 671 1211 γὰρ
702 1153 851 1212 δρᾶμα
883 1154 1144 1214 Μεγαρικὸν
1172 1159 1330 1202 ποιεῖν.

59 1231 145 1274 Sed
174 1231 336 1272 Feliani
365 1229 547 1270 versioni
578 1242 661 1269 non
692 1229 866 1270 nimium
896 1220 1140 1282 tribuerim,
1183 1233 1254 1284 qui
1284 1237 1332 1273 ut
1361 1234 1549 1276 senarios

60 1302 327 1356 procuderet,
356 1301 400 1342 in
431 1300 725 1341 transferendo
756 1300 931 1342 liberius
962 1307 1151 1344 versatus
1182 1317 1278 1345 ense
1305 1305 1437 1346 videri
1453 1311 1549 1360 pot-

59 1378 137 1415 est.
206 1373 289 1414 Th.
321 1373 501 1427 Bergkio
534 1373 767 1413 comment.
801 1386 842 1425 p.
874 1373 959 1414 358
998 1374 1080 1415 duo
1110 1375 1370 1417 diversorum
1401 1382 1550 1430 poeta-

56 1457 149 1487 rum
178 1444 414 1499 fragmenta
442 1444 649 1493 videntur,
680 1455 857 1496 quorum
888 1445 1081 1496 alterum,
1113 1447 1226 1498 quod
1255 1447 1313 1489 ita
1343 1449 1502 1501 scribit,

110 1510 116 1517 '
685 1511 945 1568 Μεγαρικῆς
974 1511 1209 1573 κωμῳδίας

343 1574 457 1642 ᾆσμ’
492 1579 572 1626 οὐκ
602 1578 662 1624 ἄν
691 1580 869 1641 ᾀ’δοιμ’,

53 1659 321 1714 Εορῐιαιιῑίᾱί,
352 1660 529 1700 atterum
560 1661 699 1698 autem
729 1670 813 1698 uno
842 1659 1032 1700 trimetro
1057 1660 1406 1713 comprehensum
1427 1662 1547 1716 Myr-

56 1732 132 1772 tilo
173 1732 377 1784 assignat,
417 1743 542 1783 quem
578 1730 619 1770 in
661 1730 948 1783 superioribus
988 1732 1191 1784 Aspasius
1229 1738 1542 1775 commemorat.

57 1802 149 1842 Duo
181 1802 333 1842 diversi
363 1802 446 1841 loci
476 1801 710 1854 fragmenta
742 1814 836 1841 esse
867 1814 976 1842 nunc
1005 1802 1096 1854 ipse
1126 1802 1267 1852 credo,
1299 1803 1352 1843 de
1368 1804 1542 1856 Myrtilo

53 1877 193 1913 antem
234 1873 354 1912 valde
391 1873 552 1913 incerta
592 1875 657 1912 est
686 1872 763 1912 viri
793 1872 942 1925 optimi
980 1873 1176 1927 suspicio.
1242 1873 1442 1917 Ceterum
1477 1875 1543 1918 cfr

50 1944 162 1985 Hiat.
193 1944 284 1985 crit.
315 1957 356 1997 p.
386 1945 458 1985 22.

772 2028 826 2069 11.

432 2109 538 2154 Εὔιε
567 2107 820 2167 κισσοχαΐτ”
853 2108 981 2165 ἄναξ,
1005 2114 1146 2171 χαῖρε.

161 2228 292 2270 Poeta
321 2240 552 2282 anonymus
583 2228 820 2279 (Cratinus)
852 2229 962 2282 apud
995 2229 1223 2283 Hephaest.
1254 2244 1295 2285 p.
1318 2232 1373 2271 96
1404 2231 1536 2274 Gaisf.

10 2336 11 2339 ,
50 2291 153 2336 Εὔιε
179 2293 426 2352 κισσοχαῖτ’
460 2294 574 2349 ἄναξ
598 2292 736 2351 χαῖρ’,
767 2295 929 2353 ἔφασκ’
954 2293 1272 2354 Ἐκφαντίδης.
1331 2303 1394 2344 lta
1425 2303 1534 2344 Pau-

48 2369 171 2409 wius:
218 2369 314 2410 libri
352 2366 516 2421 ἔφασκε
560 2366 803 2418 Ψαντίδης.
882 2371 1011 2410 Ridet
1050 2375 1175 2424 poeta
1212 2373 1532 2425 Ecphantidem,

46 2440 164 2481 cuius
194 2440 300 2481 haec
329 2427 535 2493 ipsissima
565 2441 689 2480 verba
719 2453 812 2480 esse
841 2441 1000 2493 primus
1032 2442 1136 2481 vidit
1165 2443 1348 2483 Naekius
1378 2445 1530 2486 Choer.

45 2523 87 2565 p.
115 2510 186 2552 53.
227 2511 296 2563 qui
325 2511 397 2551 illa
424 2524 474 2551 ex
503 2511 695 2563 Dionyso
725 2510 866 2551 fabula
896 2512 1028 2564 petita
1057 2512 1278 2555 existimat.
1353 2514 1529 2556 Probavi

43 2581 126 2623 hoc
155 2583 264 2624 nist.
296 2582 387 2622 crit.
419 2595 459 2635 p.
490 2581 560 2622 37.
621 2583 710 2622 Nee
740 2583 884 2636 negari
916 2587 1056 2635 potest
1085 2588 1285 2637 peracute
1317 2588 1526 2639 excogita-

43 2656 131 2694 tum
161 2666 265 2695 esse.
307 2653 439 2706 Coepi
469 2657 607 2693 tamen
633 2653 838 2703 dubitare,
868 2666 996 2706 quum
1026 2654 1070 2695 in
1098 2654 1193 2695 loco
1224 2656 1440 2710 Hesychii'
1458 2670 1526 2698 sa-

45 2721 97 2762 tis
125 2724 340 2765 commode
369 2724 485 2777 iungi
513 2725 644 2777 possit
671 2717 870 2778 Διονύσῳ
899 2715 1050 2777 ὕμνος.
1081 2726 1134 2768 Εἰ
1163 2726 1300 2768 simite
1331 2729 1523 2782 estquod

42 2791 156 2835 idem
184 2806 222 2834 v.
249 2790 467 2851 τρίκτειρα
497 2794 598 2838 dixit
627 2790 775 2835 θυσία
802 2788 1039 2851 Ἐνυαλίῳ.
