1786 3210
197 163 284 204 422
768 157 1101 202 PHILONIDIS

198 279 307 318 statu
340 274 555 316 dicebatur
583 271 786 329 μελλιὲρη
817 288 894 328 pro
917 272 1176 329 μελλιὲρεια,
1209 271 1301 328 ἱέρη
1333 288 1411 330 pro
1441 275 1590 333 ἱέρεια,
1621 279 1694 321 de-

199 348 327 400 nique
357 345 542 400 παριὲρη
582 360 659 400 pro
699 345 924 400 παριέρεια
1010 348 1059 388 V.
1091 346 1306 387 Plutarch.
1339 348 1450 390 Mor.
1480 363 1522 403 p.
1552 350 1637 391 795
1656 364 1694 391 e.

201 419 340 460 Etiam
370 419 611 459 sacerdotes
642 431 778 458 mares
814 418 896 458 hoc
929 431 1078 458 nomen
1118 418 1306 458 tenuisse
1346 418 1469 461 docet
1499 421 1697 463 Theodo-

200 502 273 531 rus
310 484 334 529 ὁ
368 486 572 541 παναγὴς
603 494 952 529 commemoratus
983 489 1092 542 apud
1124 489 1321 530 Photium
1355 491 1453 532 Lex.
1486 506 1527 545 p.
1558 494 1613 533 68
1643 495 1698 534 22

203 566 246 601 et
287 561 473 615 Etymol.
507 562 571 601 Μ.
604 573 644 612 p.
675 560 759 599 429
795 559 867 600 46.
936 559 1011 599 Cfr
1051 559 1183 601 schol.
1225 561 1354 602 Paris.
1395 564 1614 605 Aeschinis
1656 564 1699 604 in

206 632 318 672 Tim.
349 646 390 685 p.
422 632 508 672 723
538 632 564 671 9
604 631 705 671 Rsk.
740 626 957 684 Κηρύκων
985 627 1108 669 ἐστὶν
1138 629 1184 670 ἐν
1209 625 1444 682 Ἀθήναις
1473 632 1575 686 γένη
1605 632 1702 674 τέτ-

203 716 345 757 ταρα,
388 700 564 757 πρῶτον
602 699 689 740 τῶν
727 698 989 754 πανάγνων,
1029 694 1076 740 οἵ
1115 695 1230 742 εἰσιν
1269 698 1359 744 ἀπὸ
1393 700 1596 760 Κήρυκος
1625 702 1705 745 τοῦ

202 769 375 828 Ἑρμοῦ
404 773 480 814 καὶ
512 768 788 826 Πανδρόσου
819 770 896 822 τῆς
927 771 1167 827 Κέκροπος.
1239 775 1437 816 Ceterum
1475 778 1519 817 in
1559 778 1703 818 Philo-

205 845 316 886 nidis
345 859 469 886 versu
508 850 625 886 recte
655 844 875 885 Hanovius
906 845 1059 885 Exere.
1092 858 1149 885 cr.
1182 845 1200 885 Ι
1230 859 1271 898 p.
1305 847 1355 887 11
1400 849 1612 901 παναγεῖς
1650 850 1703 891 de

207 919 260 960 iis
299 919 601 971 interpretatur
631 929 807 968 quorum
845 921 986 970 patres
1018 917 1194 970 Cylonio
1237 918 1399 959 scelere
1436 933 1531 961 sese
1567 922 1703 975 inqui-

207 994 382 1040 narunt,
432 991 479 1059 et
511 988 787 1041 Megarenses
834 988 1035 1042 intelligit
1073 989 1126 1029 de
1165 988 1402 1032 hominibus
1452 993 1613 1034 callidis
1662 997 1706 1034 et

211 1061 379 1102 astutis.

869 1172 923 1212 11.
986 1172 1060 1213 111.

434 1251 772 1311 “Υποδέχεσθαι
800 1255 876 1296 καὶ
906 1252 1062 1309 βατίσι
1089 1256 1165 1296 καὶ
1196 1251 1415 1309 τηγάνοις.

948 1343 967 1365 *
1237 1343 1255 1365 ⁴¹

440 1452 498 1460 ..-
555 1453 612 1461 .-.
667 1422 987 1482 Ὀσφρομένην
1015 1424 1105 1467 τῶν
1134 1423 1351 1483 τηγάνων.

329 1542 570 1584 Athenaeus
601 1541 659 1583 VI
690 1555 731 1594 p.
754 1542 838 1581 228
856 1554 906 1581 e:
938 1535 1133 1594 τήγανον
1160 1540 1330 1599 εἴρηκεν
1357 1540 1406 1583 ἐν
1432 1545 1516 1598 μὲν
1541 1541 1711 1602 Λήροις

224 1607 503 1668 Φερεκράτης
560 1638 615 1645 --
678 1609 931 1662 Φιλωνίδης
976 1610 1002 1651 ὃ
1020 1609 1030 1622 ’
1072 1611 1119 1653 ἐν
1165 1609 1424 1671 Κοθόρνοις
1473 1611 1483 1624 ‘
1500 1615 1711 1660 Υποδέ-

215 1683 432 1739 χεσθαι
463 1711 517 1718 -
548 1678 829 1736 τηγάνοις.
887 1683 964 1725 καὶ
1002 1680 1136 1725 πάλιν
1173 1682 1570 1743 Ὀσφρομένην
1612 1690 1713 1732 τῶν

221 1752 492 1810 τηγάνων.
563 1757 700 1799 Verba
738 1751 892 1807 βατίσι
934 1755 1010 1796 καὶ
1048 1753 1254 1810 τηγάνοις
1285 1762 1555 1803 Casauhonus
1583 1763 1713 1805 inter-

221 1833 412 1883 pretatur
442 1824 596 1881 βατίσι
625 1827 927 1878 τηγανισταῐς.
992 1829 1189 1872 Probavit
1218 1832 1300 1873 hoc
1330 1833 1545 1874 Hanovius
1575 1848 1616 1888 p.
1644 1837 1713 1878 10.

225 1901 310 1943 Sed
353 1913 480 1954 quum
510 1895 684 1952 τήγανα
723 1901 847 1940 etiam
879 1900 932 1940 de
969 1900 1071 1954 ipsis
1110 1903 1222 1957 cibis,
1252 1904 1334 1945 dici
1377 1905 1532 1958 possit,
1570 1907 1714 1949 nescio
1784 1913 1786 1936 ³

227 1985 279 2014 an
311 1973 468 2013 rectius
500 1971 793 2026 interpreteris
823 1967 978 2023 βατίσι
1007 1971 1085 2012 καὶ
1114 1969 1265 2024 ἄλλοις
1293 1969 1514 2029 τηγάνοις.

945 2097 1017 2139 IV.

411 2175 526 2233 Ἐγώ
563 2178 587 2219 δ
605 2177 614 2190 ’
644 2176 856 2229 ἀπόσιτος
884 2175 920 2220 ὠ“
927 2194 948 2221 ν
978 2178 1151 2222 τοιαῦτ’
1184 2180 1262 2224 οὐκ
1293 2179 1520 2239 ἀνέχομαι.

345 2294 588 2336 Athenaeus
628 2296 686 2338 vl
724 2309 765 2348 p.
797 2296 881 2336 247
895 2310 931 2338 e.
977 2296 1030 2337 de
1069 2309 1145 2337 usu
1184 2298 1297 2339 vocis
1335 2292 1548 2345 ἀπόσιτος
1586 2293 1747 2338 disse-‘⁴

233 2377 355 2406 rens:
401 2363 654 2416 Φιλωνίδης
693 2362 735 2405 τ’
767 2365 814 2406 ἐν
845 2362 1105 2422 Κοθόρνοις
1142 2360 1279 2415 οὕτως
1315 2365 1429 2422 Ἐγώ
1472 2396 1528 2402 —
1566 2364 1720 2423 ἀνέχο-

232 2448 330 2489 μαι.
392 2436 508 2478 Idem
541 2439 579 2479 11
609 2453 650 2491 p.
667 2439 723 2479 47
742 2452 786 2479 e:
817 2434 1034 2479 ἀπόσιτον
1063 2435 1114 2478 δ’
1144 2437 1284 2495 εἴρηκε
1321 2437 1585 2490 Φιλωνίδης.
1632 2442 1719 2482 An·

234 2509 446 2550 tiatticista
484 2523 525 2564 p.
556 2511 612 2550 83
644 2510 710 2551 17.
771 2506 1038 2558 Ἀπόσιτοςε
1090 2505 1257 2560 ἄσιτος.
1323 2507 1575 2561 Φιλωνίδης
1626 2509 1717 2550 Κο-

236 2577 424 2634 θόρνοις

967 2695 1018 2736 V.

352 2775 500 2818 Poliux
529 2777 568 2817 X
600 2777 706 2819 115:
738 2773 887 2833 λύχνοι
918 2776 963 2819 δὲ
995 2776 1070 2819 ἐπὶ
1099 2771 1271 2826 τούτοις
1301 2777 1376 2818 καὶ
1407 2774 1557 2834 λύχνοι
1587 2775 1722 2834 δίμυ-
