1786 3210
244 134 302 179 54
876 125 1112 170 CRATINI

329 243 445 289 ΜΝ.
474 240 588 300 ἀτὰρ
616 238 661 285 τί
689 240 860 297 μέλλεις
889 236 1002 296 δρᾶν
1032 232 1110 294 μ’;
1138 237 1184 279 E
1188 236 1233 280 Y.
1265 233 1502 296 ἀποξυρεῖν
1529 233 1650 291 ταδί,

330 314 387 358 τὰ
415 312 535 358 κάτω
566 311 610 355 δ’
644 310 840 369 ἀφεύειν.

246 390 329 432 Hic
358 390 486 443 igitur
509 388 729 428 scholiasta
760 386 811 425 ad
842 378 949 423 ταδί
978 382 1086 423 haec
1114 382 1263 423 habet:
1310 375 1365 420 τὰ
1393 378 1562 433 γένεια·
1594 377 1740 426 ταῦτα

247 458 294 500 δὲ
326 456 484 511 ἔλαβεν
513 457 558 497 ἐκ
587 455 676 495 τῶν
701 451 888 495 Ἰδαίων
918 450 1165 509 Κρατίνου.
1220 455 1283 493 Ex
1315 467 1395 506 quo
1421 460 1538 494 recte
1568 455 1740 495 conclu—

247 533 301 573 sit
331 531 571 572 Dindorfius
601 530 774 582 plenum
819 528 987 568 fabulae
1027 527 1192 566 titulum
1222 524 1354 565 fuisse
1387 538 1482 566 eum
1514 539 1638 579 quem
1667 539 1741 567 su-

246 616 322 657 pra
353 601 566 653 adscripsi.
645 600 761 639 Idem
803 603 1006 652 sequutus
1046 602 1108 637 est
1141 597 1224 637 Th.
1257 598 1463 650 Bergkius
1503 599 1738 640 Comment.

247 674 418 728 p.=109,
450 673 519 724 qui
549 671 714 720 Idaeos,
747 685 850 724 quos
885 669 1082 721 Dactylos
1114 667 1262 707 Idaeos
1292 668 1607 722 interpretatur,
1640 671 1744 711 Cra·-

247 745 378 784 tinum
416 743 525 783 hanc
562 742 746 782 fabulam
786 740 1052 793 inscripsisse
1099 739 1331 788 existimat,
1375 742 1570 791 quoniam
1611 743 1656 784 in
1693 755 1744 788 en

248 816 407 855 cultum
452 819 494 854 ct
525 814 774 866 religionem
806 813 1013 867 Cybelae,
1054 823 1160 863 quae
1197 813 1297 850 tunc
1334 811 1384 850 ab
1416 812 1745 854 Atheniensibus

245 890 417 940 recepta
454 885 604 934 fuerit,
646 885 856 937 exagitare
896 882 1138 923 instituerit.
1209 882 1325 922 Idem
1368 883 1547 925 alterum
1574 885 1745 927 titulum

247 951 670 1011 (Ἐμπιπράμενοι)
713 957 765 995 ad
805 956 980 996 chorum
1011 954 1134 993 traxit
1165 966 1288 1006 quem
1321 967 1371 994 ex
1400 955 1577 1008 perditis
1607 956 1745 997 homi-

246 1029 369 1070 nibus
410 1029 643 1069 constitisse
681 1029 874 1078 coniicit,
914 1026 986 1079 qui
1030 1026 1134 1065 deae
1172 1026 1384 1079 Phrygiae
1424 1029 1553 1068 sacris
1591 1027 1744 1076 initiati

248 1104 374 1153 atque
413 1101 580 1154 penitus
618 1101 847 1141 effeminati
886 1111 1038 1151 corpus
1077 1097 1310 1150 levigarent
1349 1102 1391 1138 et
1422 1100 1558 1141 crines
1598 1114 1745 1143 omnes

247 1171 334 1225 igni
365 1173 644 1213 amburerent.
675 1173 813 1224 Atque
838 1165 1234 1224 Ἐμπιπραμένους
1261 1170 1385 1210 etiam
1403 1170 1661 1213 Fritzschius
1690 1173 1746 1215 ad

249 1242 509 1296 Thesmoph.
538 1256 580 1296 p.
611 1244 664 1284 71
698 1244 750 1283 ad
779 1243 961 1296 pilorum
992 1242 1296 1282 ambustionem
1326 1243 1472 1292 traxit,
1503 1243 1640 1283 Idaeis
1671 1256 1749 1285 au«

249 1317 335 1354 tem
361 1308 554 1362 Ἰδυίους
583 1315 627 1356 1ι.
661 1328 698 1356 e.
736 1315 881 1355 Testes
912 1313 1139 1362 substituit,
1171 1313 1284 1364 quod
1314 1326 1468 1353 nomen
1499 1327 1627 1367 quum
1659 1315 1744 1357 illis

247 1386 506 1438 temporibus
560 1400 610 1426 ex
648 1387 858 1426 communi
902 1398 1097 1425 sermone
1146 1397 1320 1437 prorsus
1363 1386 1579 1426 evanuerit
1608 1385 1673 1440 ⁴),
1721 1401 1747 1431 a

250 1456 419 1496 Cratino
457 1457 500 1496 in
532 1455 700 1497 fabulae
718 1457 840 1497 titulo
853 1457 1036 1510 positum
1057 1455 1188 1496 fuisse
1204 1469 1376 1509 prorsus
1397 1457 1644 1500 incredibile
1665 1463 1745 1502 est.

251 1527 337 1569 Sed
367 1540 446 1568 nec
478 1528 530 1568 de
562 1528 696 1568 Idaeis
727 1529 861 1569 omnis
891 1527 996 1568 mihi
1028 1527 1189 1568 sublata
1222 1531 1286 1568 est
1317 1529 1544 1580 dubitatio,
1582 1531 1653 1583 qui
1692 1532 1747 1572 il-

250 1598 316 1640 los
346 1612 521 1652 magnae
552 1601 695 1640 matris
726 1601 963 1650 ministros,
1005 1600 1057 1639 de
1100 1600 1250 1651 quibus
1291 1601 1529 1641 doctissima
1567 1606 1631 1642 est
1662 1603 1748 1644 Lo-

249 1669 388 1710 beckii
418 1670 624 1723 Aglaoph.
655 1685 696 1724 p.
729 1671 842 1711 1156
885 1670 1138 1724 disputatio,
1181 1672 1387 1711 constanti
1426 1684 1504 1713 usu
1540 1672 1753 1740 Dactyloa'

250 1740 425 1791 Idaeos,
473 1754 684 1794 nunquam
730 1743 979 1795 simpliciter
1025 1741 1179 1781 Idaeos
1217 1743 1420 1795 appellari
1468 1744 1747 1788 meminerima

247 1804 641 1868 Ἐμπιπραμένους
670 1826 720 1853 an
751 1817 869 1854 recte
897 1815 1199 1866 interpretatus
1230 1814 1284 1853 sit
1314 1814 1543 1867 Bergkius,
1581 1816 1624 1857 in
1656 1830 1749 1858 me-

253 1882 324 1923 dio
352 1884 558 1936 relinquo.
602 1883 837 1925 Menander
867 1886 1034 1938 scripsit
1059 1878 1446 1939 'Eptnmpapae'vnm
1477 1899 1602 1928 sensu
1631 1887 1749 1931 haud

253 1954 380 1995 dubie
419 1956 593 1996 multum
631 1957 808 1997 diverso.
877 1957 1106 1997 Praeterea
1147 1957 1279 1998 semel
1316 1961 1478 1999 tantum
1508 1958 1614 2001 haec
1643 1961 1746 2002 Cra-

252 2026 330 2065 tini
360 2026 498 2067 fabula
530 2032 894 2079 commemoratur,
939 2042 963 2069 a
993 2028 1221 2070 scholiasta
1251 2030 1562 2084 Aristophanis,
1591 2033 1663 2086 qui
1692 2031 1747 2075 ad

252 2096 420 2138 Eccles.
451 2098 565 2138 1134
595 2100 782 2152 (1081):

423 2168 548 2208 τουτὶ
577 2166 629 2209 τὸ
659 2167 844 2224 πρᾶγμα
872 2165 988 2210 κατὰ
1018 2166 1071 2210 τὸ
1101 2164 1351 2210 Καννώνου
1381 2168 1539 2226 σαφῶς

423 2235 656 2295 ψήφισμα,
690 2239 831 2294 βινεῖν
861 2239 933 2281 δεῖ
955 2254 1010 2295 με
1042 2239 1406 2295 διαλελημμένον,

254 2306 363 2349 haec
392 2311 634 2365 adscripsit:
665 2308 889 2367 ψήφισμα
919 2308 1128 2369 γεγράφει
1158 2313 1425 2367 (Cannonus)
1455 2308 1748 2370 κατεχόμενον

256 2374 532 2435 ἑκατέρωθεν
571 2377 905 2437 ἀπολογεῖσθαι
943 2381 1024 2425 τὸν
1060 2379 1162 2425 κατ’
1195 2378 1477 2438 εἰσαγγελίαν
1510 2381 1748 2442 ἀποκρινό-

255 2461 404 2502 μενον.
458 2451 683 2508 Κρατΐνος
723 2452 770 2496 δὲ
800 2454 878 2496 καὶ
907 2453 1017 2513 πρὸς
1046 2450 1304 2511 κλεψύδραν
1332 2454 1550 2501 κελεῦσαι.
1607 2452 1748 2503 Ξενο-

316 2643 324 2672 1
347 2619 518 2663 *vocet
543 2627 611 2661 hoc
640 2631 696 2663 vel
720 2629 1006 2676 Aristophanium
1038 2629 1123 2664 illud
1163 2629 1330 2675 φρασάτω
1354 2631 1395 2664 τι·
1413 2626 1586 2667 καλοῦσιν
1611 2632 1749 2671 Ῑδυίους

254 2677 391 2714 Daetal.
414 2694 450 2726 p.
473 2684 532 2720 41.
587 2688 801 2725 Scholiastes
838 2692 937 2726 Iliad.
972 2687 1004 2734 χ’
1033 2692 1103 2726 254
1128 2691 1214 2730 τοὺς
1235 2690 1422 2739 μάρτυρας
1448 2688 1612 2728 Ἀττικοὶ
1637 2689 1749 2738 δὴους

255 2739 343 2782 (Ῑθὲο
368 2741 520 2788 mutave)
548 2749 668 2793 φασίν,
694 2743 806 2787 minus
830 2756 991 2789 accurate
1015 2754 1181 2797 loquutus
1207 2757 1271 2789 est.
