1786 3210
545 163 812 206 FABULAE
853 162 1160 205 INCERTAE.
1503 161 1591 206 425

99 287 310 334 χαρτον
353 273 509 331 εἴρηκε.
579 273 691 317 ἀλλὰ
728 275 806 317 καὶ
845 273 976 315 τοῦτο
1013 273 1203 331 φαῦλον.
1261 268 1374 316 ὥστε
1413 275 1589 330 βέλτιον

99 345 162 404 μή
193 343 387 402 ὀνόμασι
414 346 621 403 χρῆσθαι
651 344 765 388 ἀλλὰ
793 347 1014 402 μετοχαῖς.

787 473 904 515 Vlll.
963 482 969 488 '

214 563 364 604 Pollux
396 564 453 606 VI
486 565 591 605 168:
640 561 877 620 Δείναρχος
923 562 970 604 δὲ
1009 562 1085 604 καὶ
1123 556 1428 618 φιλοπόνηρον
1462 556 1493 613 ἢ
1530 558 1590 612 ὠς

107 631 359 683 Φιλωνίδης
387 632 848 691 φιλομόχθηρον.

215 706 279 747 De
309 705 390 746 alio
422 707 536 758 loco,
568 710 638 761 qui
670 708 882 750 Philonidi
911 706 1109 747 tribuitur
1139 705 1249 759 opud
1279 705 1496 747 Pollucem
1527 704 1590 746 111

106 778 161 818 18
200 777 295 818 vide
334 778 611 832 Nicophontis
650 781 819 835 Fragm.
857 781 938 820 inc.
975 777 1058 819 fab.
1089 778 1121 819 Ι.
1187 778 1413 819 Praeterea
1453 777 1590 819 eidem

102 853 254 904 poetae
283 849 462 890 Stobaeo
491 851 534 892 in
565 853 722 906 eclogis
753 851 901 893 ethicis
931 851 1172 891 tribuuntur
1200 849 1326 890 haec:

160 921 246 962 Tit.
279 920 337 961 IX
369 922 436 963 14.
473 918 740 963 Φιλωνίδου.

222 985 313 1029 Οὐκ
344 986 466 1032 ἔστιν
494 989 641 1043 οὐδεὶς
670 989 812 1041 δειλὸς
842 987 866 1032 ὁ
896 987 1101 1039 δεδοικώς
1129 985 1282 1044 νόμον.

215 1057 325 1116 πρὸς
354 1060 456 1112 τοὺς
485 1062 722 1120 πολεμίους
754 1060 805 1103 δ’
835 1061 958 1104 ἐστὶν
987 1057 1194 1116 ἀνδρείας
1227 1057 1381 1115 κρίσις.

214 1127 302 1172 ὑπὸ
331 1131 412 1174 τοῦ
441 1132 617 1177 δικαίου
646 1133 697 1176 δ’
729 1133 852 1176 ἐστὶν
879 1130 1114 1185 ἡττᾶσθαι
1143 1128 1295 1174 καλόν.

159 1202 244 1246 Tit.
274 1205 457 1248 XXXIII
487 1209 529 1250 7.
565 1203 859 1249 Φιλωνίδου.-

219 1274 436 1329 Κρεῖττον
464 1277 639 1320 σιωπᾶν
665 1277 787 1320 ἐστὶν
816 1271 845 1328 ἢ
874 1274 1023 1318 λαλεῖν
1050 1269 1213 1330 μάτην.

162 1345 435 1402 Τίι.,ΧΧΧῐΤ
465 1352 505 1395 6.
541 1347 810 1392 Φιλωνίδου.

210 1410 410 1460 ‘'Anavt'
451 1418 599 1476 ἐρίζεις
627 1422 702 1463 καὶ
734 1420 897 1470 συνιεῖς
925 1415 1028 1462 οὐδὲ
1059 1416 1118 1461 ἕν.

216 1485 460 1546 γράμματα
489 1493 664 1547 μαθεῖν
693 1492 764 1534 δεῖ
786 1493 862 1534 καὶ
890 1486 1108 1547 μαθόντα
1139 1486 1247 1531 νοῦν
1277 1482 1402 1542 ἔχειν.

104 1559 317 1605 Philonidi
345 1566 422 1607 hos
451 1580 617 1617 versus,
649 1580 782 1608 novae
811 1580 933 1620 quam
966 1565 1162 1618 antiquae
1192 1560 1435 1604 comoediae
1464 1559 1589 1613 poeta

106 1631 332 1687 digniores,
361 1643 478 1680 recte
506 1639 755 1680 abiudicavit
784 1639 1000 1680 Hanovius
1027 1638 1179 1678 Exere.
1213 1634 1304 1675 crit.
1328 1645 1370 1685 p.
1387 1631 1454 1671 18.
1514 1627 1591 1670 Cfr

107 1705 220 1749 niet.
258 1709 349 1752 crit.
379 1724 422 1765 p.
451 1711 548 1754 104.
616 1711 859 1754 Postremus
897 1710 1052 1766 legitur
1091 1709 1204 1750 inter
1239 1702 1463 1748 Menandri
1499 1712 1590 1742 mo-

106 1785 216 1825 nost.
244 1782 317 1825 96.
