1786 3210
506 177 788 222 FABULAE
804 177 1110 222 mmmmm.
1459 184 1542 226 841

200 506 257 548 1N
262 505 586 558 cfflRTARUM
622 507 982 550 FABULARUM
1024 508 1397 552 FRAGMENTA.

790 641 824 683 1.

168 738 469 792 Aristophanes
499 739 674 792 Lysistr.
693 739 791 790 158,
821 739 892 779 nbi
922 739 1194 794 interroganti
1224 741 1444 783 Galonicae
1478 738 1536 782 Τί

52 803 103 847 δ’
133 801 190 859 ἢν
226 805 397 865 ἀφίωσ’
431 805 587 864 ἄνδρες
626 805 764 863 ἡμᾶς,
798 823 830 849 ω
862 807 987 862 μέλε,
1024 812 1251 865 Lysistrata
1280 812 1532 866 respondet·

32 876 120 919 Τὸ
159 877 239 920 τοῦ
281 875 580 935 Φερεκράτους
619 876 754 921 κύνα
794 877 987 935 δέρειν
1025 879 1388 937 δεδαρμένην.
1463 882 1530 925 Ad

49 963 156 1004 quae
186 951 409 992 scholiasta
438 952 544 992 haec
574 952 806 992 annotavit:
847 948 925 990 ἐὰν
953 947 1070 1006 ἡμᾶς
1098 949 1346 1007 παρίδωσιν
1374 950 1418 992 οἱ
1445 948 1530 993 α’ν-

47 1019 159 1077 ὂρες,
190 1016 290 1062 τότε
318 1017 454 1061 πάλιν
482 1019 654 1073 ἐξέσται
684 1016 883 1074 ὀλίσβοις
900 1018 1169 1077 χρήσασθαι
1192 1022 1269 1063 καὶ
1297 1019 1530 1078 ἂποδέρειν

45 1089 104 1133 τὰ
150 1088 504 1147 ἄποδεδαρμένα.
575 1088 851 1147 Φερεκράτης
889 1091 938 1133 ἐν
973 1089 1167 1148 δράματι
1203 1091 1343 1148 εἴρηκε
1378 1091 1527 1146 τοῦτο,

46 1159 184 1204 ἔνθεν
212 1157 426 1203 τάσσεται
454 1159 482 1213 ἡ
513 1160 732 1219 παροιμία
755 1162 832 1204 ἐπὶ
856 1161 945 1204 τοῖν
970 1159 1112 1212 ἄλλως
1127 1165 1373 1219 (Berglerus
1389 1159 1527 1218 ἄλλα)

46 1228 310 1288 πασχόντων
338 1229 414 1290 ἐφ’
448 1226 516 1283 οἷς
546 1230 849 1276 πεπόνθασιν.
909 1236 1028 1277 Alius
1057 1236 1235 1276 ibidem:
1274 1232 1322 1275 ἐν
1357 1232 1403 1275 δὲ
1433 1233 1526 1284 τοῖς

43 1302 304 1359 σωζομένοις
335 1300 632 1359 Φερεκράτους
661 1302 742 1345 τοῦ
767 1302 961 1359 κωμικοῦ
999 1303 1130 1346 τοῦτο
1159 1301 1238 1360 οὐχ
1266 1301 1524 1361 εὑρίσκεται.·

43 1377 272 1418 Proverbia
302 1376 429 1417 Coisl.
459 1377 558 1418 296.
589 1370 719 1417 Κύνα
750 1374 891 1431 δέρειν
919 1374 1215 1433 δεδαρμένην,
1244 1372 1296 1416 τὸ
1325 1374 1406 1417 τοῦ
1430 1374 1523 1418 Φε-
1556 1420 1559 1427 ¹

44 1441 292 1502 ρεκράτους.
351 1444 424 1487 ἐπὶ
462 1445 551 1487 τῶν
587 1443 737 1502 μάτην
773 1441 1051 1499 πονούντων,
1086 1441 1116 1498 ἢ
1153 1445 1239 1488 τῶν
1268 1458 1524 1502 προπεπον-

13 1537 25 1544 ·
42 1513 200 1559 θότων
228 1513 285 1560 τί.

757 1641 812 1684 Π.

220 1720 411 1781 Τρώγων
438 1722 701 1782 ἐρεβίνθους
727 1719 948 1780 ἀπεπνίγη
979 1722 1321 1783 πεφρυγμένους.

156 1834 397 1881 Αῑίιειιωξυο
419 1839 457 1879 11
486 1853 528 1893 p.
550 1839 606 1880 55
625 1840 665 1880 b.
696 1839 750 1880 de
779 1828 1008 1881 erebinthis
1038 1842 1256 1893 poetarum
1284 1837 1519 1880 testimonia

41 1909 242 1951 afferens:
290 1905 566 1964 Φερεκράτης
605 1911 800 1964 (Crapat.
832 1910 900 1963 11)
936 1906 1155 1965 Τακερούς
1184 1903 1383 1959 ποιήσεις
1414 1902 1517 1956 τούς

39 1976 304 2044 ἐρεβίνθους
329 1975 511 2030 εὐθέως.
572 1976 729 2022 πάλιν·
765 1978 955 2036 Τρώγων
985 1979 1077 2022 κτλ.

745 2140 821 2181 111.

572 2218 802 2277 “Ραφανὶς
832 2217 884 2261 δ’
914 2217 1106 2268 ἄπλυτος
1135 2215 1328 2275 ὑπάρχει,

154 2303 232 2346 καὶ
262 2302 414 2359 θερμὰ
442 2303 604 2362 λουτρὰ
632 2306 708 2347 καὶ
738 2303 894 2362 ταρίχη
924 2301 1082 2346 πνικτὰ
1108 2303 1184 2345 καὶ
1212 2299 1392 2358 καρύκη.

154 2419 394 2460 Athenaeus
426 2419 464 2459 11
497 2434 536 2472 p.
561 2419 616 2460 56
634 2435 682 2462 e:
715 2414 836 2468 ἰδίως
865 2413 915 2458 δ’
945 2410 1082 2465 οὕτως
1111 2414 1346 2456 ἐκαλοῦντο
1374 2409 1515 2456 ἄπλυ-

42 2503 111 2531 τοι
139 2490 395 2544 ῥαφανίδες,
424 2485 476 2539 ὁὲς
507 2490 582 2530 καὶ
616 2489 790 2538 Θασίας
816 2484 1058 2543 ω’νόμαζον.
1107 2481 1382 2541 Φερεκράτης
1405 2483 1516 2525 Ῥα-

42 2559 178 2614 φανὶς
206 2554 254 2599 δ’
283 2555 476 2608 ἄπλυτος
504 2559 595 2602 κτλ.
658 2563 738 2602 Pro
769 2557 933 2614 καρύκη
966 2560 1182 2612 legebatur
1208 2553 1372 2611 κάρυα,
1402 2556 1514 2610 quod

44 2631 203 2671 correxi
240 2631 350 2672 nist.
388 2634 479 2673 crit.
547 2661 558 2673 .
588 2634 658 2673 68.
725 2633 807 2675 Th.
845 2631 1049 2684 Bergkius
1087 2630 1318 2670 Comment.
1356 2641 1398 2681 p.
1428 2627 1514 2667 299

44 2701 181 2741 locum
223 2714 274 2742 ex
303 2702 484 2744 Dulodid
557 2703 622 2744 nlo
659 2703 835 2757 petitum
866 2701 1103 2743 existimans
1132 2704 1304 2753 propter
1334 2698 1512 2753 primum

44 2772 134 2814 eiua
161 2769 327 2814 fabulae
354 2772 646 2828 fragmentum,
677 2787 822 2816 versus
852 2775 909 2815 ita
939 2770 1171 2814 constituit:
