1786 3210
600 163 966 209 ΠΛΝΟΠΤΑΙ.
1444 169 1527 212 105

15 295 166 338 ματα,
199 277 320 324 ἔνθα
351 276 574 322 δείκνυται
608 276 871 337 Ἠροδότου
900 283 942 336 Ι”)
985 280 1062 323 καὶ
1097 277 1375 323 Θουκυδίδου
1410 279 1524 337 μνή-

18 368 166 410 ματα.
233 355 319 397 Sed
359 355 469 409 apud
505 355 638 396 schol.
679 356 733 396 ad
772 354 997 407 Sophoclis
1035 355 1141 395 Oed.
1181 355 1274 396 Col.
1321 356 1419 397 480.
1471 354 1522 397 τὸ

29 421 267 467 Κυδώνιον
296 422 418 474 ἐκτὸς
446 423 535 467 τῶν
562 416 690 466 ἐννέοὶ
705 427 768 478 (2²)
797 422 963 476 πυλῶν,
994 426 1066 466 ubi
1097 427 1332 468 Brunckius
1364 423 1521 482 Κιμώ-

28 510 126 540 νιον
159 499 374 552 corrigere
412 499 621 548 tentabat‚
659 497 927 538 scribendum
969 498 1080 538 haud
1120 498 1246 538 dubie
1277 494 1328 538 τὸ
1363 495 1517 539 Κυλώ-

28 582 153 621 νιον,
190 571 242 611 de
280 583 362 623 quo
402 570 643 620 admonuit,
688 570 728 610 ni
769 568 879 609 fallit
911 570 1134 621 memoria,
1174 571 1226 611 0.
1266 571 1516 614 Muellerus.

29 644 132 696 Quis
160 647 299 682 autem
330 642 384 681 sit
412 641 508 691 ille,
540 654 664 693 quem
696 653 791 681 cum
821 640 1111 692 Aristodemo,
1147 642 1393 695 profligatae
1422 644 1516 683 libi-

27 714 136 754 dinis
168 718 211 754 et
241 713 453 753 foeditatis
494 712 688 762 homine,
729 717 943 766 comparat
973 713 1190 763 Cratinus,
1228 727 1352 754 nemo
1389 714 1515 756 facile

25 785 191 827 dixerit.
233 785 280 826 ln
312 785 552 838 Hipponem
583 784 765 837 quidem,
797 797 920 836 quem
950 785 1156 837 Bergkius
1184 785 1395 839 intelligit,
1424 792 1515 828 tan-

23 861 92 899 tae
121 856 333 897 foeditatis
371 857 525 896 crimen
564 870 588 897 a
619 855 789 897 Cratino
821 857 1055 896 coniectum
1095 870 1191 896 esse
1231 857 1295 897 vix
1322 859 1512 900 eredide-

0 930 114 972 rim.
173 928 237 969 De
267 928 556 978 Aristodemo,
593 928 711 968 cuius
749 928 919 968 nomine
957 928 1105 968 comici
1144 933 1295 981 poetae
1332 930 1384 969 ad
1423 935 1510 971 tur-

0 1000 191 1056 pissima
232 1012 422 1053 quaeque
459 999 732 1052 significanda
771 1003 966 1048 utuntur,
1015 999 1065 1040 iis
1113 1013 1220 1052 quae
1257 1001 1510 1054 interpretes

0 1071 223 1136 RHesychii
252 1073 334 1113 vol.
367 1072 384 1112 1
416 1086 455 1125 p.
474 1071 558 1111 534
591 1072 846 1120 attulerunt,
877 1071 980 1110 nihil
1011 1072 1145 1112 habeo
1177 1072 1289 1125 quod
1318 1073 1509 1116 adiiciam

0 1137 187 1200 }praeter
224 1144 443 1184 Libanium
475 1144 590 1184 Orat.
621 1143 721 1183 XlX
753 1156 794 1195 p.
824 1142 910 1182 50⁰
940 1143 988 1182 D.
1028 1143 1099 1183 ubi
1141 1157 1235 1184 cum
1276 1145 1507 1197 Clisthene‚

0 1201 267 1272 {PhiloxenQ
298 1215 496 1268 Amynia‚
529 1215 682 1263 Demo,
714 1214 914 1268 Ctesippo
946 1214 1122 1268 aliisque
1151 1216 1341 1270 perditae
1370 1219 1507 1260 libidi-

20 1286 84 1327 nis
111 1286 348 1327 hominibus
378 1286 657 1340 coniungitur.

27 1512 30 1515 “
75 1497 238 1548 Mum}
267 1494 350 1553 γὰρ
380 1494 460 1547 τὰς
488 1497 712 1551 γυναῖκας,
744 1495 855 1556 πρὸς
883 1497 1069 1540 παιδικὰ
1098 1498 1145 1541 δὲ
1174 1499 1311 1560 τρέπῃ
1341 1501 1433 1547 νῦν.

129 1604 306 1647 Pho‘tius
337 1605 439 1645 Lex.
471 1617 512 1657 p.
543 1605 627 1645 369
658 1605 700 1646 4.
739 1599 959 1647 ῙΙαιδικάε
990 1603 1062 1646 ἐπὶ
1093 1604 1294 1656 θηλειῶν
1320 1606 1398 1647 καὶ
1425 1604 1504 1663 ἀρ·

14 1662 151 1732 ῥὲνων
192 1675 422 1733 ἐρωμένων
459 1671 666 1716 τάττεται
703 1671 731 1726 ἡ
768 1674 902 1728 λέξις·
951 1674 1315 1732 παραδείγματα
1344 1676 1391 1718 δὲ
1424 1678 1504 1719 τοῦ

14 1746 87 1790 ἐπὶ
114 1749 196 1803 μὲν
238 1746 326 1788 τῶν
363 1743 559 1803 ἀρρένων
595 1743 849 1789 τάττεσθαι
885 1744 1039 1789 πολλά,
1082 1776 1137 1783 -
1175 1750 1253 1797 καὶ
1282 1742 1511 1805 Κρατῖνος

7 1816 282 1868 mandatam
313 1819 476 1868 Μισεῖς
505 1816 588 1874 γὰρ
618 1818 708 1860 κτλ.
780 1821 941 1862 Eadem
983 1821 1119 1863 ferme
1155 1823 1353 1877 leguntur
1391 1825 1501 1877 apud

88 1894 276 1935 oliastam
315 1893 528 1947 Aristoph.
576 1893 706 1946 Vesp.
736 1893 862 1934 1021.
913 1894 1236 1935 Grammaticum
1266 1897 1312 1936 iu>
1333 1896 1503 1937 Monte-

11 1964 108 2018 ωε.
155 1966 263 2007 Bihl.
309 1965 436 2006 Coisl.
477 1978 519 2017 p.
551 1965 636 2005 474
683 1969 727 2005 et
771 1965 944 2006 Suidam
991 1979 1025 2007 s.
1057 1979 1096 2007 v.
1139 1961 1341 2008 παιδικά.
1416 1968 1498 2008 Pro

10 2035 147 2094 τρέπῃ
184 2037 406 2078 scholiasta
444 2036 572 2077 habet
607 2034 801 2090 τρέπεις,
841 2037 953 2090 quod
990 2039 1173 2091 probans
1204 2039 1416 2080 Iacobsius
1446 2039 1498 2079 ad

14 2109 182 2151 Anthol.
214 2108 344 2149 Palat.
365 2110 504 2162 11.ss66
535 2109 896 2162 anapaesticorum
926 2112 1269 2152 tetrametrorum
1299 2111 1497 2164 reliquias

0 2180 174 2244 “restitui
202 2179 357 2221 voluit:

0 2245 6 2291 3
793 2239 937 2290 μισεῖς
967 2233 1052 2292 γάρ
1081 2233 1162 2286 τάς
1190 2252 1236 2293 γε
1267 2237 1496 2292 γυναῖκας,

130 2302 238 2360 πρὸς
267 2303 450 2348 παιδικὰ
481 2302 532 2347 δ’
566 2296 672 2348 αὖτε
703 2306 873 2363 τρέπεις
902 2305 981 2348 τὸν
1010 2307 1131 2351 νοῦν.

1 2373 133 2431 {Quae
163 2379 304 2431 plures
332 2380 383 2419 ab
414 2393 579 2419 caussas
610 2379 778 2431 probari
810 2393 890 2420 non
922 2386 1108 2433 possunt,
1167 2381 1342 2423 lacobsii
1371 2385 1496 2424 vesti-

0 2435 90 2502 'giis
116 2449 312 2490 insistens
342 2450 423 2490 Th.
455 2451 659 2502 Bergkius
691 2450 925 2492 Comment.
957 2466 996 2505 p.
1031 2452 1114 2492 185
1144 2454 1340 2495 audacius
1371 2468 1493 2509 quam

0 2456 188 2751 ‘debebat
218 2525 349 2561 totum
373 2533 541 2561 -versum
572 2521 627 2561 ita
658 2523 892 2563 constituit:

66 2589 228 2640 Μισεῖς
258 2589 304 2630 δὲ
334 2586 418 2639 τὴν
447 2589 650 2643 γυναῖκα,
681 2590 790 2648 πρὸς
814 2589 1002 2634 παιδικὰ
1030 2590 1119 2649 γὰρ
1146 2593 1316 2650 πρέπεις
1345 2593 1464 2640 νοῦν.

103 2739 134 2780 ⁸)
158 2738 223 2772 Vix
249 2741 392 2776 credere
418 2740 499 2776 licet
524 2742 697 2777 Herodoti
723 2742 769 2776 ibi
797 2745 1060 2776 monumentum
1087 2742 1205 2779 [uisse.
1226 2745 1326 2788 Vero,
1352 2745 1490 2791 opinor,

0 2784 173 2869 ἑῌρόδου
196 2800 339 2845 corrigit
363 2803 498 2838 Con-aes
524 2805 568 2839 ael
595 2803 774 2839 Plutarchi
802 2803 867 2838 Vit.
893 2804 939 2838 ΙΙΙ
966 2815 998 2849 p.
1023 2803 1104 2839 300.

3 2931 11 3010 ,ι

0 3048 12 3161 ἲ

6 3174 11 3210 i
