1786 3210
238 176 324 218 8⁰4
779 172 1187 215 PHERE'CRATIS

237 288 392 330 tuearis
431 287 650 340 Hermlppi
692 287 881 339 exemplo
921 285 1176 337 Phormoph.
1210 285 1247 325 11
1284 287 1334 326 8:
1371 281 1456 337 ὄζει
1498 284 1596 339 ἴων,
1634 283 1720 338 ὄζει

238 359 287 401 δὲ
314 354 480 417 ῥόδων,
520 353 604 407 ὄζει
641 353 693 396 δ’
722 352 972 406 ὑακίνθου,
1010 356 1120 408 quod
1152 369 1175 396 a
1206 357 1326 396 metri
1359 371 1516 410 genere
1548 373 1719 402 excusa-
1774 387 1776 391 v

239 435 394 474 tionem
424 432 562 471 habet.
624 429 684 468 De
715 429 796 468 alio
812 427 1031 480 Hermippi
1060 427 1154 467 loco
1184 429 1293 480 apud
1311 430 1545 471 Bekkerum
1561 432 1719 473 Anecd.
1781 467 1786 491 ;

237 519 281 559 p.
311 504 395 544 302
433 501 542 542 infra
582 500 663 539 dixi
694 499 735 539 in
767 498 989 551 Hermippi
1019 498 1167 551 fragm.
1200 499 1284 540 fab.
1315 501 1396 541 inc.
1429 502 1503 542 lll.
1562 503 1719 544 Corru-
1776 497 1786 506 ⁹

237 581 333 630 ptus
373 579 459 621 est,
502 576 548 611 ut
584 571 650 610 vel
690 570 880 610 lectionis
922 569 1098 610 varietas
1145 570 1288 620 docet,
1332 585 1476 613 versus
1506 574 1718 628 Aristoph.
1784 615 1786 619 ,

238 647 365 698 Vesp.
397 643 532 683 1067:

303 732 306 734 -
463 707 577 750 ἀλλὰ
606 705 687 749 κάκ
721 707 807 748 τῶν
834 704 1062 763 λειψάνων
1092 708 1163 751 δεῖ
1185 709 1322 751 τῶνδε
1352 707 1505 771 ῥώμην

461 794 665 831 νεανικην
695 793 826 834 σχειν.

236 858 326 899 Nec
355 854 556 907 Archippi
582 853 708 893 verba
739 852 848 905 apud
881 852 1041 893 Polluc.
1071 853 1109 893 X
1142 854 1223 893 136
1254 855 1353 895 vitio
1385 859 1539 906 carent,
1570 859 1616 896 ut
1643 868 1719 898 suo
1779 861 1786 870 '

236 929 338 968 loco.
362 926 536 966 docebo.
568 925 800 977 Corruptus
830 924 932 963 item
954 925 1170 977 Amphidis
1201 925 1318 965 locus
1349 931 1413 966 est
1442 928 1551 980 apud
1567 927 1718 970 Athen.

237 983 295 1043 VI
326 1013 368 1052 p.
400 997 485 1038 224
502 1010 539 1046 e,
572 997 642 1036 ubi
671 995 932 1035 restituenda
961 996 1163 1036 librorum
1192 998 1331 1046 lectio,

1011 1062 1091 1105 κού
1117 1065 1239 1116 ἱλαλῶ
1246 1080 1269 1107 ν
1297 1062 1381 1108 ὅλοι

528 1133 584 1175 τὰ
613 1131 796 1191 ῥήματ’,
826 1130 942 1175 ἀλλὰ
971 1135 1202 1190 συλλαβὴν
1232 1133 1410 1193 ἀφελών
1440 1165 1495 1171 —

236 1213 439 1264 Apertum
472 1209 581 1248 enim
613 1213 676 1248 est
704 1209 746 1248 in
779 1194 1065 1249 antecentibus
1097 1223 1178 1250 non
1219 1210 1318 1250 nihil
1359 1209 1577 1251 excidisse.
1636 1211 1719 1252 De-

236 1282 361 1333 nique
405 1279 551 1332 Simyli
589 1278 779 1330 exemplo
818 1279 927 1332 apud
968 1280 1192 1320 Stobaeum
1227 1280 1339 1320 Flor.
1368 1280 1441 1320 LX
1478 1280 1531 1321 4:
1569 1278 1722 1335 κριτὴν
1779 1320 1783 1322 ,

235 1348 288 1390 τὸ
318 1349 462 1405 ῥηθὲν
492 1345 738 1402 δυνάμενον
767 1345 1074 1405 συναρπάσαι,
1116 1364 1190 1391 cur
1227 1351 1331 1391 nihil
1373 1351 1636 1393 tribuendum
1658 1353 1722 1407 ¹sit

237 1423 415 1464 indicavi
456 1422 595 1461 Praef.
637 1422 747 1462 Hist.
792 1422 882 1462 crit.
916 1437 955 1475 p.
988 1423 1078 1465 XV.
1152 1423 1271 1462 Unus
1312 1423 1382 1474 qui
1420 1423 1719 1464 dubitationem

237 1506 406 1535 movere
437 1493 567 1545 possit
599 1493 783 1532 Platonis
814 1493 931 1533 locus
962 1498 1025 1534 est
1056 1493 1239 1545 Sophist.
1271 1493 1338 1535 Vt,
1360 1489 1406 1530 ἐν
1434 1492 1580 1545 τρισὶν
1607 1492 1721 1544 πλη-

236 1564 335 1619 γαῖς
365 1560 607 1612 ἆπηδέσθη
638 1560 689 1602 τὸ
724 1558 916 1618 ῥάμφος.
961 1563 1046 1604 Sed
1076 1565 1116 1603 in
1150 1570 1232 1603 tam
1263 1563 1380 1603 brevi
1396 1563 1575 1605 frustulo
1597 1577 1720 1618 quam

237 1648 389 1688 anceps
418 1635 617 1674 iudicium
648 1636 702 1674 sit
731 1634 857 1675 facile
879 1635 1148 1700 intelligitur.
1207 1635 1301 1674 Alia
1331 1636 1582 1687 tragicorum
1614 1649 1718 1690 poe-

237 1713 373 1747 tarum
404 1706 523 1753 ratio,
556 1705 607 1745 de
639 1706 788 1757 quibus
819 1706 1200 1745 dixitHermannus
1231 1706 1281 1744 ad
1309 1705 1439 1758 Soph.
1458 1706 1562 1747 Oed.
1581 1707 1719 1759 '1¹.72‚

239 1779 356 1818 cuius
395 1776 595 1829 exemplis
634 1777 790 1816 addere
840 1776 984 1815 licebit
1023 1776 1224 1828 Aeschyli
1264 1777 1390 1816 verba
1432 1778 1540 1830 apud
1579 1779 1719 1832 Hesy-

239 1850 401 1889 chium:
439 1841 776 1899 Αὐτορέγμονος
807 1841 1003 1898 πότμου,
1042 1860 1148 1899 quae
1186 1848 1228 1887 in
1265 1847 1442 1887 trimetri
1471 1849 1556 1887 fine
1585 1849 1720 1901 posita

238 1920 369 1960 fuisse
409 1919 624 1971 probabile
665 1923 740 1958 est.
810 1917 973 1957 Horum
1003 1918 1131 1970 igitur
1161 1918 1394 1971 exemplum
1425 1924 1625 1970 sequutus
1656 1923 1720 1960 est

237 1990 547 2031 Metallicorum
593 1994 759 2037 auctor,
803 2001 923 2041 quam
967 1989 1141 2028 eandem
1181 1989 1258 2028 sibi
1300 1989 1508 2030 licentiam
1544 1992 1720 2043 sumpsit

237 2066 362 2114 poeta
392 2061 612 2099 Persarum
646 2060 662 2099 l
695 2061 782 2109 10‚'
802 2060 842 2099 in
874 2054 1168 2112 φυλλοροήσει
1210 2061 1432 2100 secundam
1474 2048 1718 2114 corripiens.
1785 2110 1786 2116 ἵ

238 2132 343 2172 Nam
375 2130 528 2171 Persae
560 2144 727 2183 quoque
761 2132 801 2171 in
836 2132 987 2183 spuriis
1028 2131 1294 2170 Pherecratis
1334 2130 1485 2170 fabulis
1515 2134 1719 2173 numerati
1785 2132 1786 2180 ξ

182 2183 190 2196 ’
239 2207 348 2242 sunt.
379 2221 435 2227 —
474 2202 546 2242 Vs.
565 2202 620 2241 30
651 2202 773 2242 affert
805 2201 954 2241 Pollux
983 2201 1021 2240 X
1051 2201 1128 2240 75:
1158 2200 1233 2239 καὶ
1265 2196 1290 2249 ἡ
1317 2197 1450 2253 χώνη,
1480 2193 1591 2240 ὅταν
1617 2200 1719 2259 εἴπῃ

244 2266 518 2326 Φερεκράτης
548 2271 594 2311 ἑν
626 2269 928 2322 Μεταλλεῦσι,
971 2267 1167 2319 Κύλικας
1207 2269 1330 2311 οἴνου
1357 2270 1546 2325 μέλανος
1574 2268 1719 2312 ἀνθο-

239 2342 374 2397 σμίου
404 2338 593 2392 ἤντλουν
625 2340 698 2382 διὰ
723 2339 876 2397 χώνης.
953 2344 1014 2384 Ita
1051 2344 1161 2383 enim
1193 2356 1243 2383 ex
1273 2343 1366 2384 cod.
1396 2344 1620 2385 Falckenb.
1650 2357 1718 2386 re·

241 2415 376 2455 stituit
404 2414 748 2455 Hemsterhusius
774 2429 850 2468 pro
881 2412 927 2453 ἐν
955 2410 1161 2469 Πεττοῖλῃ
1193 2414 1259 2454 vel
1290 2409 1493 2469 Πετάλῃ,
1534 2416 1720 2467 quamvis

242 2485 445 2525 Athenaei
481 2484 663 2536 ignarus.
722 2510 776 2516 —
839 2487 907 2527 Vs.
939 2487 994 2525 32
1038 2482 1224 2523 ἕκαστον
1253 2484 1477 2525 Elmsleius
1516 2487 1633 2524 Auct.
1667 2485 1720 2526 ad

244 2657 388 2692 Thesm.
417 2669 450 2702 p.
475 2658 521 2691 14
551 2658 585 2691 in
621 2653 749 2702 ἑόρακα
788 2659 1087 2702 antepenultimam
1114 2658 1257 2701 produci
1282 2669 1383 2701 posse
1408 2669 1551 2692 narrans
1576 2664 1719 2705 propter

240 2729 390 2762 sequens
414 2721 447 2763 ζι.
483 2718 665 2751 Contrario
691 2728 809 2753 errore
833 2718 924 2751 idem
949 2717 1014 2751 alio
1041 2720 1116 2752 loco
1143 2717 1177 2751 in
1205 2712 1496 2763 ὗορυγχομαχεῖν,
1520 2721 1611 2765 quod
1627 2721 1717 2756 Cra-

240 2778 301 2814 teti
327 2778 438 2833 (Sam.
465 2780 479 2812 Ι
502 2777 539 2819 4)
565 2779 696 2812 restitui
721 2779 835 2822 voluit,
857 2779 1042 2812 secundam
1067 2779 1230 2821 syllabam
1256 2779 1434 2823 corripuit.
