1786 3210
259 117 316 161 66
891 107 1127 155 CRATINI

257 223 598 280 ἀπανθήσαντα
643 229 864 270 referenda
912 239 1004 267 esse
1050 226 1177 267 verba
1224 219 1511 269 ἀπολέσαντα
1557 223 1608 268 τὸ
1655 222 1740 268 ἄνι-

255 300 357 349 θος.
427 302 570 353 Itaque
611 305 929 342 consentaneum
971 301 1054 347 est,
1098 299 1221 338 etiam
1250 299 1293 339 in
1334 313 1384 340 eo
1433 302 1504 353 qui
1545 301 1611 341 his
1641 313 1740 354 pro-

256 374 365 415 xime
407 374 621 412 subiicitur
659 370 814 410 Cratini
844 369 937 408 loco
971 370 1123 421 aliquid
1153 370 1352 420 infuisse,
1399 371 1510 423 quod
1540 373 1591 413 ad
1620 372 1740 414 illum

255 456 375 484 usum
408 445 522 483 verbi
553 438 825 488 ἀπανθῆσαι
854 441 1076 492 pertineat.
1148 441 1195 481 Id
1236 446 1374 483 autem
1406 443 1528 495 quale
1557 443 1611 482 sit
1641 455 1738 483 acu-

256 516 428 554 tioribus
469 512 743 564 indagandum
787 511 1027 563 relinquere
1075 513 1183 552 malo
1221 527 1342 566 quam
1393 515 1484 567 ipse
1534 514 1738 555 incertam

255 587 532 625 coniecturam
572 583 814 635 periclitari.
884 583 966 623 Th.
998 583 1169 636 Bergkii
1201 586 1282 624 mei
1314 586 1547 626 Comment.
1579 599 1620 638 p.
1653 585 1734 625 111

251 658 456 695 rationem
488 666 560 693 cur
590 654 768 704 probare
802 666 1020 705 nequeam,
1052 668 1102 695 ex
1141 656 1192 695 iis
1224 668 1330 707 quae
1372 658 1417 698 in
1447 657 1737 711 superioribus

242 725 455 779 disputavi
484 724 647 765 abunde
676 724 957 778 intelligitur.>”

625 1051 1342 1099 EYNEIAAI.

352 1189 415 1231 De
445 1190 703 1232 Eunidarum
733 1194 882 1247 gente,
922 1192 1231 1234 citharoedicae
1261 1194 1362 1237 artis
1393 1198 1435 1240 et
1465 1207 1566 1236 vero
1602 1184 1729 1247 etiam

239 1261 495 1301 orchesticae
534 1263 747 1317 (Hesych.
786 1278 824 1305 v.
866 1258 1105 1317 Εὐνεΐδαι)
1144 1265 1268 1308 laude
1298 1267 1618 1317 florentissima,
1654 1281 1730 1308 ve-

239 1334 375 1371 terum
422 1335 784 1384 grammaticorum
829 1336 1068 1376 testimonia
1115 1337 1341 1388 diligenter
1401 1343 1729 1392 composuerunt

237 1402 450 1444 Meursius
491 1405 607 1446 Lect.
649 1410 722 1447 att.
754 1407 791 1449 V
832 1408 887 1446 10
929 1411 971 1446 et
1012 1407 1209 1449 Valesius
1248 1408 1300 1448 ad
1338 1409 1545 1462 Harpocr.
1583 1424 1625 1464 p.
1655 1411 1726 1454 34.

240 1474 399 1524 Quibus
438 1477 539 1515 nihil
570 1478 667 1517 novi
698 1478 949 1519 addiderunt
980 1479 1063 1519 Th.
1094 1479 1304 1531 Bergkius
1330 1481 1565 1534 Comment.
1595 1496 1637 1536 p.
1668 1483 1727 1523 70

239 1548 280 1583 et
309 1546 527 1587 Bosslerus
561 1549 612 1587 de
645 1549 851 1589 Gentibus
883 1554 954 1590 att.
974 1564 1015 1603 p.
1033 1550 1103 1590 50.
1136 1553 1205 1603 qui
1238 1552 1349 1603 quod
1371 1553 1586 1594 Cratinum
1615 1553 1727 1595 hanc

236 1614 418 1657 fabulam
448 1631 530 1658 non
562 1614 771 1660 Εὐνὲῖδαι
809 1621 883 1661 sed
913 1617 1170 1660 Εὐοινεῖδαι
1199 1622 1300 1674 (sic)
1331 1623 1593 1678 inscripsisse
1625 1639 1725 1666 con-

235 1686 424 1738 iectavit‚
469 1692 662 1741 quoniam
696 1692 879 1733 Lemnus
911 1694 1069 1743 insula,
1111 1707 1160 1734 ex
1202 1708 1281 1747 qua
1321 1695 1724 1749 originem-repete-

233 1757 333 1798 bant
362 1760 575 1812 Eunidae,
613 1763 697 1803 vini
725 1764 855 1804 fuerit
884 1764 1164 1816 feracissima,
1203 1767 1245 1806 id
1284 1767 1327 1807 in
1367 1767 1532 1807 diverso
1564 1779 1724 1820 genere
1749 1769 1758 1775 ’

234 1829 488 1871 simillimum
539 1837 602 1872 est
649 1834 893 1887 ingeniosae
931 1837 1255 1889 Kannegiesseri
1295 1839 1413 1879 Com.
1452 1841 1526 1878 att.
1562 1852 1605 1892 p.
1635 1823 1726 1880 446’

233 1901 517 1953 coniecturae,
548 1904 716 1944 fabulae
746 1907 913 1947 titulum
942 1902 1147 1958 Εὐνίδες,
1180 1909 1251 1948 die
1280 1909 1721 1963 Beisclzlaeferinnen,

231 1969 363 2011 fuisse
402 1975 639 2015 acutissime
681 1979 943 2031 suspicantis.
1010 1980 1072 2020 De
1113 1985 1357 2032 argumento
1389 1974 1584 2022 dramatis
1614 1977 1723 2023 nihil

232 2043 337 2082 certi
374 2044 550 2086 definire
589 2049 743 2099 ausim3
786 2051 838 2090 ad
877 2051 1075 2091 musicam
1113 2057 1253 2091 tamen
1295 2055 1426 2093 artem
1466 2054 1720 2106 pertinuisse

232 2116 275 2151 et
303 2114 426 2155 index
458 2122 498 2156 et
539 2118 773 2172 fragmenta
811 2123 939 2162 fidem
979 2123 1152 2164 faciunt.
1220 2123 1453 2164 Ptolemaei
1483 2126 1622 2177 Heph.
1653 2125 1719 2167 lo-

229 2197 323 2225 cum
363 2189 472 2239 apud
514 2189 710 2232 Photium
748 2194 856 2235 Bibl.
892 2195 975 2233 192
1006 2207 1049 2247 p.
1082 2195 1179 2244 151,
1221 2208 1270 2235 ex
1310 2208 1392 2248 quo
1432 2195 1717 2237 Alexandrum

223 2255 289 2298 M.
319 2257 399 2297 hac
427 2259 568 2301 fabula
597 2275 864 2318 summopere
893 2265 1145 2307 delectatum
1178 2279 1271 2308 esse
1301 2267 1567 2321 intelligitur,
1597 2267 1719 2322 attigi

223 2325 338 2369 Hist.
369 2330 460 2370 crit.
491 2344 534 2384 p.
564 2333 663 2374 101.

943 2451 976 2491 Ῑ.

410 2517 573 2579 ςἨῥής
601 2526 765 2582 ἐκείνης
794 2531 875 2575 νοῦ
903 2528 947 2575 τ’
980 2530 1148 2576 ἐκείνου
1175 2534 1252 2576 καὶ
1282 2531 1471 2592 φρενῶν.

337 2637 540 2691 Stobaeus
568 2643 713 2687 Floril.
737 2647 814 2689 LII
847 2647 1261 2705 11εΙςρατῖνοςέν
1294 2645 1532 2698 Εὐνίδαις·
1558 2640 1710 2703 ἽΙβης

218 2701 406 2760 ἕκέίνης,
437 2707 518 2750 νοῦ
547 2709 594 2753 δὲ
624 2714 754 2757 τοῦδε
783 2718 860 2761 καὶ
898 2734 980 2776 φρε
964 2732 1073 2762 νων
1101 2718 1709 2774 κατάλλ]λ.ος.1ὀεῐι·εωαῐη
