1786 3210
210 205 297 246 404
815 197 1108 240 HERMIPPI

217 317 295 373 γεῖ,
324 309 432 372 ὅπερ
460 313 506 354 ἐν
535 308 840 368 Στρατιώταις
870 305 1128 368 “Ἐρμιππος
1158 306 1379 358 ὑποδηλοῖ
1404 307 1464 348 N
1450 306 1524 365 ικᾷ
1553 303 1607 348 δ’
1639 303 1704 365 ᾤα

218 385 405 439 λιθίνην
439 381 654 441 μάκτραν.
716 384 943 437 Lapideam
975 388 1174 424 mactram
1206 382 1410 422 habemus
1441 381 1564 421 etiam
1593 380 1703 434 apud
1779 390 1783 394 ·

218 461 471 504 Nicandrum
502 458 633 498 Ther.
664 457 774 496 709:
818 443 951 507 οὖρον
997 449 1246 503 ἀπηθῆσαι
1295 445 1503 491 πλαδόων
1534 448 1707 504 λαεργὲϊ

217 528 409 588 μάκτρῃ,
449 529 521 569 ubi
558 533 696 567 tamen
734 526 959 566 scholiasta
998 526 1100 578 legit
1145 518 1394 564 πλαδάοντ’
1423 518 1590 574 εὐεργέϊ
1622 518 1706 574 μά-

219 617 339 659 κτρῃ.
412 598 628 641 Eiusmodi
667 597 835 636 mactris
867 596 1017 635 Graeci
1046 596 1270 635 utebantur
1299 594 1339 633 in
1371 593 1455 633 vita
1486 593 1707 641 communi,

220 678 261 716 in
295 673 438 714 militia
470 674 607 709 autem
638 663 664 717 ἡ
696 662 759 722 ᾦα
796 668 839 707 in
870 670 1052 707 mactrae
1093 666 1230 705 locum
1267 664 1530 705 succedebat.
1599 664 1710 704 Hinc

221 750 336 787 recte
367 741 629 793 Hermippus
662 740 837 779 militiae
868 738 1052 777 studium
1085 749 1229 777 omnes
1270 736 1522 788 corripuisse
1552 735 1710 788 signifi-

222 821 390 858 caturus
407 813 520 860 dicit,
553 824 605 850 oa
638 809 852 863 lapideam
882 814 1091 848 mactram
1122 808 1295 847 evincit.
1356 806 1473 847 Addo
1494 807 1710 845 Hemster-

223 887 335 928 husii
374 875 702 924 annotationem.
771 881 1009 929 „Forsitam
1050 879 1148 918 hinc
1177 878 1375 918 illustrari
1406 880 1543 930 potest
1574 876 1712 928 Hesy-

223 959 355 1007 chius,
387 955 457 1007 qui
487 949 694 1006 μακτῆρα
726 951 940 1000 eiusdem,
970 954 1017 990 ut
1047 950 1184 999 vides,
1219 954 1394 1002 propter
1425 948 1627 1000 originem
1658 947 1712 987 si-

223 1025 500 1085 gnificationis
531 1035 625 1063 cum
654 1017 846 1077 μάκτρα,
875 1022 986 1062 inter
1017 1021 1097 1061 alia
1127 1020 1296 1073 exponit
1327 1015 1565 1074 διφθέραν.
1601 1020 1712 1058 Ecce
1753 1021 1756 1025 '

224 1101 300 1141 tibi
331 1100 495 1139 locum:
535 1087 749 1147 Μακτηρ,
780 1088 807 1142 ἡ
838 1089 1080 1146 κάρδοπος,
1110 1104 1183 1131 και
1214 1103 1240 1139 η
1273 1085 1445 1139 avene,
1475 1088 1549 1128 καὶ
1581 1086 1714 1142 διφ-

225 1168 404 1224 θέρει,
444 1164 651 1207 eiusmodi
686 1164 846 1205 scilicet
885 1165 1030 1218 pellis,
1076 1162 1240 1216 qualem
1279 1174 1327 1202 ex
1359 1160 1593 1244 Hermippo
1623 1154 1714 1198 ὤαν

227 1244 420 1285 observat
449 1236 626 1278 Pollux?
615 1235 639 1255 ’'
699 1235 776 1277 Cfr
806 1237 973 1290 Fragm.
1005 1234 1078 1278 VI.

276 1443 404 1504 ‘'52ch
437 1442 588 1487 τοίνυν
615 1439 717 1499 μετ’
749 1442 859 1499 ἐμοῦ
884 1443 1040 1500 χωρεῖν
1070 1440 1149 1483 τὸν
1173 1438 1412 1498 κωπητῆρα
1438 1436 1639 1496 λαβόντα
1688 1444 1703 1450 “

285 1534 360 1576 καὶ
392 1526 764 1587 προσκεφάλαιον,
795 1524 855 1571 ἵν’
889 1529 931 1579 ἐς
961 1526 1042 1580 τὴν
1070 1525 1183 1569 ναῦν
1210 1522 1472 1582 ἐμπηδήσας
1496 1522 1715 1586 ῥοδιάξῃς.

289 1618 343 1661 B.
388 1613 486 1658 ἀλλ’
521 1612 573 1657 οὐ
604 1613 763 1670 δέομαι
791 1612 1006 1657 πανικτόν
1037 1609 1149 1668 ἔχων
1187 1610 1266 1654 τὸν
1303 1609 1505 1669 πρωκτόν
1533 1625 1717 1672 προσκε-

1022 1695 1232 1755 φαλαίου.

348 1804 601 1857 Hesychius,
634 1797 883 1844 ΙΙάνικτονε
908 1795 1164 1858 Ἴΐρμιππος
1192 1799 1239 1840 ἐν
1266 1795 1570 1854 Στρατιώταις
1591 1793 1718 1856 ’Ὠρα

235 1872 385 1917 τοίνυν
415 1873 504 1914 κτλ.
571 1875 642 1916 VS.
674 1875 950 1916 l>articulum
980 1875 1138 1916 addidit
1167 1873 1405 1915 Salmasius.
1436 1873 1499 1913 De
1537 1885 1719 1927 προσκε-
1776 1884 1778 1887 ’

234 1942 414 2003 φαλαίῳ
428 1947 631 1998 remigum
647 1946 851 1998 pulvinari
866 1947 1097 1988 v.Cratinus
1113 1946 1241 2000 p.170
1254 1948 1295 1985 et
1308 1944 1430 1985 Phot.
1441 1945 1568 1997 p.460
1583 1945 1650 1986 18.
1662 1972 1719 1979 —-

236 2021 354 2062 vs.2
385 2012 600 2072 ῥοθιάζῃς
629 2017 919 2058 Blomfieldius
950 2018 1085 2059 Gloss.
1115 2016 1270 2058 Aesch.
1301 2016 1419 2056 Pers.
1443 2016 1541 2057 402.
1581 2017 1719 2070 Vulgo

237 2084 471 2147 ῥοθιάξῃς.
540 2087 661 2138 Quod
701 2100 760 2127 vs.
792 2088 818 2127 3
855 2089 1007 2141 legitur
1045 2084 1257 2128 πάνικτον
1293 2087 1379 2126 sive
1417 2087 1557 2139 potius
1587 2099 1721 2126 πανι-

238 2155 357 2210 κτόν,
388 2159 505 2199 cuius
536 2169 683 2198 caussa
711 2157 933 2213 Hermippi
962 2159 1099 2200 locum
1131 2159 1267 2199 attulit
1286 2157 1538 2210 Hesychius,
1567 2157 1720 2199 indicio

243 2245 338 2272 esse
380 2229 545 2270 videtur
576 2228 820 2270 Doriensem
860 2230 967 2271 haec
995 2231 1110 2283 loqui
1139 2230 1365 2271 hominem.
1431 2229 1542 2281 Quid
1581 2233 1722 2269 autem

240 2304 294 2344 sit
324 2295 519 2354 πρωκτὸς
550 2295 760 2347 πανικτὸς
791 2301 963 2342 difficile
999 2302 1111 2342 dictu
1143 2305 1220 2342 est.
1284 2296 1439 2349 Πῆνος
1478 2312 1553 2341 seu
1584 2297 1723 2347 πᾶνος

240 2372 410 2427 proprie
467 2371 586 2410 lanae
629 2371 813 2423 glomum
866 2372 1102 2426 significans
1145 2376 1328 2412 trameae
1381 2359 1722 2411 circumvolutum

242 2443 366 2484 etiam
406 2442 458 2482 ad
498 2441 685 2493 corporis
724 2446 909 2483 tumores
946 2444 1135 2496 pustulas
1172 2447 1214 2483 et
1251 2443 1468 2483 tubercula
1496 2455 1521 2483 a
1549 2441 1722 2483 medicis

242 2513 460 2554 transferri
497 2515 659 2552 constat
698 2524 747 2551 ex
789 2513 912 2553 Celso
943 2514 982 2555 V
1011 2515 1067 2553 28
1106 2514 1161 2553 10
1198 2514 1386 2566 aliisque.
1458 2511 1533 2553 Gfr
1561 2502 1721 2552 S'alma-

243 2585 349 2624 sium
390 2583 442 2623 ad
481 2582 714 2634 Scriptores
745 2582 853 2623 Hist.
893 2585 999 2636 Aug.
1034 2584 1050 2623 1
1089 2598 1130 2636 p.
1162 2584 1260 2624 548.
1331 2584 1474 2635 Itaque
1509 2577 1723 2631 πηνιστὸς

245 2666 320 2694 seu
352 2649 561 2699 πανικτὸς
590 2649 785 2706 πρωκτὸς
823 2666 914 2693 esse
945 2654 1075 2706 possit
1096 2655 1240 2706 podex·
1280 2652 1508 2694 tuberculis
1547 2653 1720 2693 obsitus.

246 2725 352 2765 Cum
384 2727 520 2764 autem
552 2723 758 2764 contraria
788 2724 898 2777 apud
927 2723 1204 2777 Hermippum
1236 2724 1441 2765 sententia
1471 2724 1720 2776 requiratur,

243 2795 385 2837 nescio
415 2807 467 2836 an
496 2793 533 2833 is
563 2794 790 2847 scripserit,
