1786 3210
247 154 331 206 536
847 162 1151 206 uuromms

378 271 503 317 ’Έδει
534 272 709 330 πρῶτον
735 274 816 330 μὲν
846 270 1056 332 ὑπάρχειν
1090 272 1269 317 πάντων
1299 272 1544 335 ἰσηγορίαν.

472 365 491 385 0
719 365 736 386 0
968 365 986 384 0
1220 365 1238 385 ⁸
1471 367 1490 387 0

385 442 492 495 Πῶς
521 433 602 485 οὖν
629 440 708 485 οὐκ
737 440 795 485 ἄν
826 458 890 494 τις
917 442 1083 500 ὁμιλῶν
1108 444 1257 501 χαίροι
1288 445 1438 504 τοιᾷδε
1471 443 1610 499 πόλει,

384 526 449 572 ἵν’
483 527 649 582 ἔξεστιν
677 525 795 571 πάνυ
824 529 967 588 λεπτῷ
995 530 1112 588 κακῷ
1140 545 1184 572 τε
1214 530 1296 583 τὴν
1325 527 1449 574 ἰδέαν
1477 560 1532 568 --

362 631 599 672 Priscianus
630 631 683 673 ‹le
713 631 857 672 metris
889 644 994 672 com.
1025 645 1066 684 p.
1096 632 1181 671 416
1213 632 1352 675 Krehi.
1384 634 1446 687 (p.
1472 634 1557 675 253
1588 634 1731 686 Lind.)

248 702 304 743 de
336 706 470 743 metro
502 703 693 756 epionico
725 702 948 743 disserens.
1020 703 1338 755 „Hephaestion
1382 718 1548 757 quoque
1589 706 1732 746 metri-

243 786 346 824 „cus
373 774 560 815 ostendit
593 775 797 814 comicum
830 773 1063 826 epionicum
1095 771 1305 826 spondeos
1327 777 1493 828 paribus
1523 777 1626 817 locis
1656 776 1732 818 ha·
1785 815 1786 834 ἶ

240 844 438 895 ‚',beutem
470 845 738 886 iambicarum
770 841 982 895 συζυγιῶν
1012 845 1055 884 id
1084 850 1149 885 est
1192 846 1550 900 coniugationum‚
1591 851 1639 887 ut
1667 850 1732 888 est

242 916 382 969 „apud
414 917 594 970 Eupolin
633 917 675 956 in
718 915 860 956 fabula
899 929 1003 969 quae
1049 916 1200 957 dicitur
1246 915 1457 971 Χρυσοῦν
1499 916 1623 970 γένος
1661 905 1728 958 Ὠ

243 982 486 1041 ,,καλλίστη
517 1013 573 1020 -
602 984 774 1040 μᾶλλον
803 982 906 1028 ἔσει.
979 987 1119 1027 Idem:
1163 982 1250 1027 ἔδει
1279 986 1454 1043 πρῶτον
1481 989 1564 1043 μὲν
1591 983 1730 1044 ὑπάρ-

248 1069 371 1115 „lew
411 1055 530 1099 κτλ.”
606 1058 888 1112 Transcripsit
925 1058 1030 1099 haec
1061 1059 1297 1100 Priscianus
1337 1073 1387 1100 ex
1417 1060 1731 1114 Hephaestione

244 1142 288 1184 p.
321 1130 420 1171 109.
452 1129 526 1170 sed
556 1129 784 1183 integriore
814 1142 914 1170 usus
942 1129 1167 1182 exemplari
1178 1145 1189 1180 3
1229 1131 1269 1172 in
1301 1131 1453 1176 nostris
1483 1131 1594 1171 enim
1625 1144 1729 1172 non-

240 1201 320 1244 nisi
376 1200 459 1243 duo
500 1200 661 1253 priores
704 1213 850 1241 versus
888 1200 1041 1240 servati
1081 1205 1190 1243 sunt.
1252 1203 1416 1243 Omisso
1447 1203 1627 1242 auctoris
1656 1214 1733 1243 no-

240 1272 353 1313 mine
391 1272 571 1325 primum
609 1284 777 1311 versum
818 1270 943 1310 affert
987 1270 1111 1311 etiam
1163 1270 1386 1312 scholiasta
1437 1272 1638 1314 metricus
1678 1272 1732 1314 ad

242 1342 415 1383 Pindari
447 1343 611 1395 Olymp.
643 1342 746 1383 Xill
777 1355 819 1395 p.
850 1341 933 1381 439
965 1340 1031 1382 ed.
1061 1341 1191 1382 Bckh.
1267 1342 1338 1384 Vs.
1372 1342 1394 1382 l
1448 1347 1548 1396 apte
1579 1344 1732 1385 Porso-

241 1425 320 1455 nus
349 1418 561 1467 comparat
592 1426 686 1454 cum
716 1413 866 1454 incerti
896 1417 1048 1466 poetae
1079 1424 1202 1452 versu
1231 1413 1340 1467 apud
1358 1412 1542 1455 Athena
1558 1429 1599 1469 p.
1617 1416 1672 1455 20
1690 1415 1730 1457 h.

242 1480 326 1536 τὴν
353 1479 671 1539 λαμπροτάτην
708 1479 879 1526 πόλεων
908 1480 1085 1531 πασῶν,
1124 1477 1297 1532 ὁπόσας
1326 1479 1351 1524 ὁ
1382 1481 1492 1538 Ζεὺς
1534 1481 1732 1540 ἀναφαί-

242 1567 322 1596 νει.
349 1581 407 1592 —-
436 1556 508 1599 Vs.
538 1556 566 1597 2
596 1549 810 1610 πρότερόν
839 1551 886 1607 γ’
917 1555 1170 1597 Priscianus.
1207 1549 1423 1610 πρότερόν
1451 1549 1500 1595 τ’
1531 1557 1730 1610 Hephae-

251 1627 348 1672 stio.
408 1626 569 1667 ibidem
599 1623 678 1666 νῦν
707 1638 752 1665 τε
783 1626 1044 1676 Priscianus,
1083 1623 1163 1666 νῦν
1193 1622 1239 1665 δὲ
1269 1627 1545 1680 Hephaestio.
1603 1628 1730 1669 Cete-

245 1711 315 1740 ras
361 1697 592 1750 scripturae
638 1697 937 1751 discrepantias
982 1697 1092 1749 apud
1138 1697 1393 1739 Priscianum
1437 1711 1518 1743 non
1573 1712 1729 1752 operae

242 1769 426 1825 pretium
457 1774 521 1809 est
549 1767 726 1819 referre,
757 1782 883 1822 quum
913 1768 1049 1811 omnia
1073 1768 1303 1811 rectissime
1328 1770 1480 1822 scripta
1509 1770 1592 1811 sint
1620 1770 1729 1824 apud

241 1839 615 1893 Hephaestionem.
674 1865 729 1875 ψ-
790 1838 863 1882 vs.
892 1840 920 1882 3
949 1838 1044 1880 Aid.
1074 1835 1165 1887 πῶς
1195 1828 1288 1890 οὗν,
1316 1835 1393 1881 οὐκ
1421 1833 1544 1889 ἄντις
1571 1833 1730 1895 ὅμιλον

237 1906 389 1965 χαίροι
430 1923 499 1950 τοι
546 1906 643 1950 αἵδε
688 1896 847 1962 πόλεις.
928 1912 1036 1955 lunt.
1073 1906 1230 1955 ’πώσου
1267 1907 1348 1951 νοῦ
1383 1907 1532 1962 κάντις
1569 1904 1729 1963 ὅμιλον

236 1977 528 2036 χαιρὶγειαιδε
565 1976 681 2021 πολί.
751 1983 945 2023 Correxit
986 1982 1176 2036 Scaliger
1214 1983 1323 2036 apud
1354 1981 1639 2023 Gaisfordium
1676 1981 1729 2023 ad

240 2053 473 2106 Hephaest.
505 2052 533 2093 i.
563 2053 592 2093 1.
636 2078 692 2085 —-
740 2053 813 2094 Vs.
843 2052 872 2091 4
904 2053 998 2095 Ald.
1027 2047 1097 2101 ἤν.
1144 2053 1252 2094 lunt.
1283 2064 1359 2092 ειν.
1408 2052 1598 2093 Correxit
1626 2052 1727 2092 Sca-

242 2124 367 2177 liger.
428 2122 532 2162 Ibid.
565 2122 696 2163 Aldus
727 2116 891 2162 πάνυδ”
925 2119 971 2161 ἐν
1000 2119 1061 2179 τῷ
1088 2119 1206 2179 κακῷ
1234 2134 1293 2174 γε.
1361 2123 1469 2163 lunt.
1509 2119 1598 2161 πᾶν
1626 2116 1729 2161 ὑλεν

242 2192 307 2235 τῶ
336 2191 455 2233 κακῶ
485 2206 544 2244 γε.
592 2193 695 2235 Cod.
727 2193 1002 2235 Lindemanni
1031 2188 1150 2233 πάνυ
1179 2189 1320 2249 λεπτῷ
1348 2189 1465 2251 κακῷ
1492 2206 1554 2244 γε.
1605 2193 1727 2246 Quod

242 2265 425 2320 probans
463 2265 729 2305 Hermannus
771 2265 926 2317 Opusc.
967 2264 1005 2306 11
1042 2278 1084 2318 p.
1122 2265 1203 2305 261
1250 2277 1325 2317 pro
1369 2277 1417 2317 γε
1462 2264 1627 2318 scripsit
1667 2276 1726 2307 τε.

243 2337 440 2378 Ceterum
491 2341 575 2376 tres
617 2336 817 2388 postremi
855 2348 999 2376 versus
1051 2335 1161 2388 apud
1202 2336 1458 2376 Priscianum
1506 2336 1557 2375 ad
1597 2348 1725 2377 unum

241 2407 520 2460 fragmentum
553 2408 872 2460 coniunguntur,
903 2407 1012 2461 quod
1037 2420 1117 2459 quo
1139 2407 1273 2447 minus
1303 2411 1418 2448 recte
1447 2407 1602 2451 factum
1634 2420 1724 2448 cre-

243 2479 358 2527 dam,
395 2478 590 2531 prohibet
630 2478 741 2529 quod
779 2490 902 2518 versu
936 2478 1060 2517 tertio
1099 2478 1254 2530 legitur
1292 2475 1465 2532 πρῶτον
1503 2476 1598 2530 μέν.
1661 2479 1723 2518 Ea

242 2562 311 2589 res
353 2562 434 2588 nou
481 2549 702 2588 offensioni
745 2548 876 2588 fuisse
921 2548 1085 2589 videtur
1132 2549 1213 2590 Th.
1259 2550 1440 2601 Bergkio
1486 2550 1720 2589 Commeat.

244 2633 287 2672 p.
317 2619 415 2658 361.
453 2619 523 2670 qui
562 2632 705 2660 omues
745 2619 823 2660 lios
863 2620 1044 2672 quinque
1083 2633 1225 2660 versus
1264 2621 1315 2659 ad
1347 2621 1468 2659 uuius
1497 2619 1723 2671 fragmenti

242 2690 566 2743 perpetuitatem
597 2691 807 2730 coniunxit
836 2692 906 2739 ita,
938 2695 983 2730 ut
1008 2691 1106 2731 vs.2
1144 2695 1237 2743 post
1268 2685 1354 2728 ἔσει
1385 2694 1589 2730 commate
1618 2690 1722 2730 inci·-

245 2760 363 2805 deret
394 2765 436 2803 et
453 2774 509 2801 vs.
528 2762 553 2800 3
585 2775 660 2817 pro
691 2757 778 2801 ἔδει
808 2763 1008 2804 scriberet
1037 2754 1078 2801 εἰ
1105 2758 1180 2813 δεῖ,
1214 2762 1321 2814 quod
1354 2761 1449 2801 fort.
1481 2773 1622 2806 verum
1646 2765 1719 2804 est.
