1786 3210
496 127 760 202 FABULAE
793 156 1098 202 monitum.
1452 159 1540 204 ὅτε

669 265 899 343 ΒΧΧΧΪΧ.

171 388 435 442 Phrynichus
464 388 555 429 Ecl.
586 391 660 428 att.
690 400 732 440 p.
763 384 868 426 145:
906 379 1160 439 Ζωρότερον
1188 378 1214 424 ὁ
1244 379 1427 435 ποιητής
1438 420 1450 438 ,
1479 383 1539 428 σύ

61 457 107 500 δὲ
143 458 236 513 λέγε
266 455 501 515 εὔζωρον
528 457 766 513 κέρασον
795 455 871 496 καὶ
900 450 1196 511 εὖζωρότερ
1211 469 1293 507 ον,
1321 452 1380 504 ὠς
1404 451 1539 513 Ἀρι-

57 526 287 587 στοφάνης
313 531 390 572 καὶ
418 529 642 585 Κρατῖνος
670 527 747 569 καὶ
775 522 982 576 Εὔπολις.

757 637 846 678 XC.

169 723 471 767 Grammaticus
502 723 683 764 Bekkeri
704 722 918 775 AnemLp.
934 719 1018 761 335
1048 721 1127 762 32:
1150 714 1199 760 ’Ά
1206 734 1269 774 γα
1278 734 1378 774 μαι
1407 734 1467 763 το
1480 719 1538 764 ύ-

56 808 173 848 του,
222 791 442 849 ἄγαμαι
487 791 740 848 κεραμεῖ.
819 787 1013 839 Εὔπολις
1069 789 1146 830 καὶ
1192 788 1537 848 Ἀριστοφανης.

41 868 205 911 'Soribe
234 862 408 921 ἄγαμαι
436 863 667 919 κεραμέως,
700 869 743 905 et
771 864 962 918 intellige
991 862 1296 915 Hyperbolum.
1358 866 1409 908 V.
1426 866 1536 909 Hist,

55 940 146 982 crit.
174 954 219 994 p.
249 939 349 980 1⁰⁰.
406 930 813 988 Μοθτίε,”Αγαμαι
837 929 1135 989 “Υπερβόλου,
1158 928 1391 983 Ἀττικῶς.
1433 938 1539 980 For.

55 1014 165 1053 tasse
193 1011 325 1066 igitur
354 1008 529 1062 Eupolis
559 1007 741 1048 dixerat:
772 1000 945 1060 ἄγαμαι
974 1004 1193 1061 κεραμέως
1217 1000 1511 1063 “Υπερβόλου.

620 1130 716 1171 XCI
748 1155 803 1162 --
832 1131 982 1172 XCIV.

170 1216 405 1270 Stephanus
434 1216 536 1269 Byz.
567 1229 608 1268 p.
640 1215 738 1256 122.
775 1210 1044 1269 ”Λμυροςε
1092 1212 1221 1262 πόλις
1273 1212 1538 1266 Θεσσαλίας.

58 1313 113 1321 -
141 1283 194 1327 τὸ
223 1282 408 1327 ἐθνικὸν
434 1279 670 1339 Ἀμυρεύς,
696 1280 755 1334 ιῦς
785 1281 1010 1340 Κάμειρος
1041 1280 1299 1341 Καμειρεύς.
1345 1282 1541 1338 Εὔπολις

59 1355 107 1399 δὲ
131 1352 195 1399 'A
200 1372 234 1412 μ
248 1353 415 1413 ύρους
445 1353 606 1405 αὐτοὺς
633 1354 766 1411 λέγει,
798 1351 1127 1412 πλησιοχώρους
1155 1355 1234 1407 τῆς
1264 1355 1539 1409 Μολοττίας.

55 1456 114 1465 —-
150 1431 267 1472 Idem
295 1444 337 1485 p.
367 1430 474 1471 192:
507 1423 686 1485 ”Ατραξ
722 1427 798 1469 καὶ
835 1424 1082 1484 Ἀτραγία,
1121 1424 1248 1477 πόλις
1288 1427 1540 1481 Θεσσαλίας

55 1498 134 1553 τῆς
162 1495 525 1554 Πελασγιώτιδος
552 1495 726 1555 μοίρας.
762 1525 816 1533 —
859 1501 971 1549 τινες
1001 1498 1048 1540 δὲ
1078 1497 1152 1541 διὰ
1181 1498 1262 1541 τοῦ
1298 1501 1325 1555 27
1363 1498 1541 1544 ἔκλιναν

47 1567 349 1629 ”Ατραγος,
396 1567 455 1622 ὥς
498 1567 691 1619 Εὔπολις
732 1564 807 1619 εἰς
844 1566 1103 1628 ’Ἀτραγα
1147 1567 1372 1630 νύκτωρ.
1432 1576 1537 1618 eod.

56 1645 182 1688 Voss.
210 1643 286 1684 καὶ
314 1658 391 1698 pro
419 1637 492 1692 εἰς.
533 1669 588 1677 —-
635 1643 750 1684 Idem
780 1657 820 1697 p.
853 1643 962 1684 279:
994 1642 1031 1683 Ι
1030 1640 1261 1699 ’ράστιλλος
1290 1641 1536 1700 ἀρσενικῶς,

58 1709 186 1763 πόλις
225 1710 535 1764 Μακεδονίας,
574 1708 605 1754 δ’
642 1713 719 1754 καὶ
757 1709 833 1754 διὰ
871 1712 951 1754 τοῦ
990 1729 1022 1757 π
1060 1710 1277 1771 γράφεται
1315 1713 1431 1756 κατὰ
1457 1715 1541 1769 τὴν

58 1780 238 1841 πρώτην
252 1780 862 1842 συλλαβὴνΠράστιλλος,
892 1781 950 1834 ὥς
970 1781 1240 1835 Εὔπολις-
1254 1787 1372 1829 Idem
1384 1802 1425 1842 p.
1438 1790 1538 1832 714.

64 1853 292 1912 Τραγαίαε
325 1855 459 1908 νῆσος
488 1853 596 1911 πρὸς
624 1859 721 1905 ταῖς
739 1852 980 1910 Κυκλάσιν,
1010 1850 1126 1899 ὅθεν
1155 1847 1210 1908 ἦν
1244 1856 1485 1911 Θεογείτων
1513 1856 1539 1901 ὁ
1578 1914 1581 1917 .

58 1925 418 1985 περιπατητικός,
455 1924 791 1982 Ἀριστοτέλους
820 1925 1049 1985 γνώριμος.
1108 1925 1203 1970 ἔστι
1230 1930 1307 1970 καὶ
1336 1927 1462 1981 πόλις
1490 1930 1539 1973 ἐν

56 1995 206 2057 Νάξῳ,
236 1998 285 2040 ἐν
313 1990 342 2058 ᾗ
377 1995 564 2055 Τράγιος
589 1994 830 2041 Ἀπόλλων
859 1999 1058 2055 τιμᾶται.
1117 1996 1313 2050 Εὔπολις
1342 2000 1418 2043 διὰ
1460 2002 1541 2045 τοῦ

54 2070 77 2111 ἓ
111 2066 283 2128 γράφει.
339 2071 416 2111 καὶ
452 2070 765 2122 πληθυντικῶς
808 2072 879 2128 Τρ
892 2087 922 2113 α
930 2068 1104 2126 γεταί.
1169 2073 1346 2116 Codices
1391 2074 1539 2132 Τρα-

53 2141 116 2196 y&
130 2156 159 2183 α
171 2156 200 2185 ι.
259 2144 534 2186 Scribeudum
571 2143 681 2198 Τρα
691 2158 719 2197 γ
731 2157 750 2183 ε
760 2158 789 2183 α
803 2139 832 2185 ι’.

657 2257 772 2300 XCV
799 2283 855 2291 ——-
886 2259 933 2299 C.

173 2341 323 2384 Pollux
340 2341 379 2383 11
398 2343 446 2382 9:
475 2339 551 2381 καὶ
580 2337 824 2394 βούπαις
854 2338 962 2397 παρ’
993 2335 1225 2383 Εὐπόλιδι.
1253 2369 1308 2376 -
1339 2344 1539 2388 Ibid.28=

58 2408 163 2462 τοὺς
193 2410 239 2453 δὲ
270 2407 539 2468 βοστρύχους
567 2412 644 2452 καὶ
673 2410 959 2462 κικίννους
985 2407 1324 2469 Ἀριστοφάνης
1352 2415 1428 2455 καὶ
1450 2411 1539 2456 Εὔ-

59 2482 187 2533 πολις
215 2482 350 2525 καλεῖ.
391 2511 446 2517 -
488 2484 592 2525 lbid.
623 2484 703 2525 332
732 2484 808 2524 καὶ
839 2481 1153 2540 ἀποκαρτέο
1167 2497 1213 2536 ν,
1243 2481 1302 2534 ὥς
1330 2482 1538 2537 Εὔπολις.

58 2580 115 2589 -
161 2557 264 2598 lbid.
297 2557 402 2597 120:
450 2553 796 2608 κενολογήσω
834 2554 881 2597 δὲ
920 2553 1127 2606 Εὔπολις.
1188 2581 1238 2588 ——
1300 2558 1402 2600 lbid.
1434 2560 1538 2601 124:

60 2624 550 2681 μικρολογεῖσθαι
603 2625 651 2667 δὲ
700 2625 868 2682 εἴρηκεν
909 2624 1117 2676 Εὔπολις.
1177 2654 1233 2661 -
1292 2628 1395 2670 lbid.
1427 2631 1536 2671 288:

57 2690 391 2751 Ἀριστοφάνης
444 2696 611 2753 εἴρηκεν
662 2693 749 2750 ,,ὠς
792 2697 870 2753 οὐχ
912 2698 1059 2754 ἕτερον
1099 2694 1241 2754 ἄνδρα
1288 2695 1536 2755 σάρκινον.”

62 2761 254 2817 Εὔπολις
282 2765 328 2808 δὲ
358 2766 588 2826 σαρκίνη
616 2765 771 2823 γυνή.
