1786 3210
250 311 440 355 Eundem
470 309 679 352 indicante
709 308 911 364 Sopingio
943 312 1242 351 commemorat
1270 309 1476 351 Lucienus
1496 309 1736 353 Pseudol.3

247 396 288 437 p.
320 383 406 427 434
437 385 568 424 Amst.
611 379 687 420 καὶ
724 376 861 431 δόξαν
898 376 951 421 οὐ
982 376 1146 435 μικρὰν
1184 375 1294 434 ἔχεις
1335 376 1411 420 ἐπ’
1441 376 1590 430 αὐτοῖς
1626 377 1734 435 ὑπὲρ

246 450 326 495 τὸν
353 446 651 508 Ἀριφράδην,
680 446 789 506 ὑπὲρ
819 447 898 498 τὸν
927 447 1189 506 Συβαρίτην
1220 446 1481 502 Μίσθωνα,
1519 447 1627 507 ὑπὲρ
1655 448 1734 492 τὸν

250 524 365 567 Χῖον
394 523 558 565 ἐκεῖνον
588 517 776 562 Βάσταν
805 518 887 563 τὸν
915 520 988 563 ἐπὶ
1017 522 1108 572 τοῖς
1138 518 1310 577 ὁμοίοις
1339 518 1498 578 σοφόν.
1543 523 1732 565 Nominis

244 592 406 638 Βάστα
446 595 681 648 exemplum
721 594 924 636 habemus
961 595 1062 637 item
1103 596 1146 637 in
1185 596 1258 636 illa
1303 595 1576 649 inscriptione
1622 594 1733 649 apud

245 668 522 721 Hesychium,
553 661 715 705 Βάστα
741 661 897 720 Κάρας
927 661 1100 720 Σάμιος
1119 657 1240 722 ἿτΙρῃ
1270 662 1349 706 τὸν
1377 661 1492 722 θῆρ’
1525 662 1732 716 ἀνέθηκε.

244 740 291 781 Si
323 743 460 779 tamen
492 737 599 778 haec
629 742 746 778 recte
775 739 833 778 ita
863 753 887 779 a
918 739 1073 779 criticis
1105 738 1324 779 emendata
1353 743 1463 780 sunt.
1507 739 1559 781 V.
1574 738 1735 779 Boeck-

242 811 358 852 hium
390 811 437 852 C.
469 810 501 851 Ι.
535 809 574 850 11
605 823 646 863 p.
677 810 761 850 212
792 810 860 851 cll.
894 809 1131 851 Proverbiis
1162 809 1291 852 Coisl.
1323 809 1393 851 47.

246 198 331 239 45⁰
846 193 1151 238 EUPOLlDlS

953 934 1027 975 IX.

356 1017 616 1071 Hesychius,
659 1013 948 1060 Κοτυτταῖε
990 1014 1015 1058 ὁ
1045 1017 1129 1072 μὲν
1157 1012 1352 1066 Εὔπολις
1379 1013 1484 1058 κατ’
1513 1013 1652 1072 ἔχθος
1679 1014 1731 1056 τὸ

248 1084 359 1143 πρὸς
388 1085 490 1136 τοὺς
520 1085 800 1142 Κορινθίους
830 1085 1043 1145 φορτικόν
1081 1101 1184 1130 τινα
1217 1085 1413 1145 δαίμονα
1453 1085 1727 1131 διατίθιται.

242 1158 387 1202 Codex
424 1156 621 1201 Κοτυτιό.
682 1162 733 1203 V.
764 1161 874 1204 Hist.
905 1162 997 1204 crit.
1026 1173 1069 1215 p.
1101 1161 1179 1202 121
1211 1174 1273 1215 sq.

960 1284 1014 1326 X.

350 1368 528 1411 loannes
564 1369 683 1410 Alex.
724 1369 777 1410 de
815 1381 902 1411 acc.
938 1382 979 1424 p.
1011 1370 1067 1411 36
1107 1371 1183 1412 16:
1233 1365 1289 1410 τὰ
1330 1365 1378 1409 δὲ
1419 1362 1727 1422 σχετλιαστικά

234 1434 323 1478 τῶν
357 1433 418 1488 εἷς
455 1439 501 1482 ο“ι
539 1439 616 1480 καὶ
653 1434 714 1489 εἰς
754 1441 803 1481 ἂι
839 1434 1004 1493 ἄλογον
1044 1437 1131 1496 ἔχει
1159 1438 1239 1482 τὸν
1267 1435 1414 1482 τόνον.
1473 1432 1507 1478 (ἲ
1535 1437 1618 1492 μὲν
1644 1433 1729 1494 γὰρ

233 1506 381 1551 αὐτῶν
409 1509 703 1567 περισπᾶται,
733 1508 792 1560 ὠς
820 1509 871 1553 τὸ
903 1507 1061 1553 ὀτοτοῖ
1083 1510 1184 1567 ἔχον
1206 1505 1623 1567 συμπαρακείμενον
1649 1507 1727 1549 καὶ

232 1578 443 1634 ἀτταταῖ,
485 1582 561 1624 καὶ
597 1583 648 1624 τὸ
678 1578 772 1624 οἰοῖ
795 1583 872 1624 καὶ
901 1577 1007 1624 αἰαῖ
1031 1582 1175 1637 σαβοῖ
1198 1597 1244 1624 τε
1281 1582 1357 1624 καὶ
1397 1577 1448 1622 τὸ
1485 1575 1617 1634 αἰβοῖ
1649 1579 1726 1622 καὶ

232 1648 285 1693 τὸ
320 1653 510 1706 σαβαῖ
546 1651 659 1710 παρ’
688 1650 908 1697 Εὐπόλιδι
936 1652 984 1695 ἐν
1012 1651 1246 1704 Βάπταις·
1285 1652 1336 1696 τὸ
1367 1652 1414 1694 δὲ
1441 1651 1566 1693 ἐυαὶ
1603 1647 1725 1708 παρὰ
1784 1667 1786 1670 ’

231 1722 300 1782 τῷ·
323 1723 443 1783 αὐτῷ
473 1723 698 1779 ὀξύνεται,
740 1725 862 1767 ἐυαὶ
899 1724 1088 1780 σαβαΐ.
1160 1727 1237 1769 Gfr
1266 1725 1524 1770 Fritzschius
1554 1727 1725 1780 quaest.
1785 1727 1786 1738 ³

232 1797 364 1841 Arist.
394 1799 412 1840 Ι
443 1812 486 1854 p.
517 1800 618 1841 211.

940 1902 1015 1944 ΧΙ.

342 1986 493 2029 Pollux
524 1988 604 2030 Vll
636 1988 743 2028 123:
785 1981 1007 2037 κάπνην
1037 1985 1085 2027 δὲ
1112 1988 1190 2028 καὶ
1217 1981 1501 2037 καπνοδόκην
1529 1979 1722 2032 Εὔπολις

227 2052 278 2095 τὸ
305 2055 388 2110 μὲν
417 2055 587 2111 εἴρηκεν
615 2055 662 2097 ἐν
692 2052 927 2110 Βάπταις,
968 2056 1019 2098 τὸ
1057 2056 1104 2098 δὲ
1147 2056 1195 2098 ἐν
1223 2053 1403 2112 Δήμοις.
1463 2057 1600 2111 Vulgo
1638 2068 1721 2096 κα-

227 2122 354 2168 πνόν.
414 2128 507 2170 Duo
538 2129 659 2171 codd.
691 2123 852 2179 κάπην.
914 2129 1105 2172 Kuhnlus
1137 2124 1322 2179 κάπνην.

927 2254 1023 2296 Xll.

333 2332 483 2378 Ἀλλὰ
513 2334 592 2386 τὰς
621 2332 772 2386 κοίτας
802 2333 846 2391 y'
881 2334 1030 2394 ἔχουσι
1059 2333 1280 2386 πλουσίως
1310 2332 1601 2390 σεσαγμὲνας.

335 2450 488 2492 Pollux
516 2451 555 2492 X
585 2453 667 2492 ⁰1:
699 2446 815 2490 ἀλλὰ
844 2449 921 2492 καί
951 2466 1039 2494 που
1072 2451 1148 2493 καὶ
1178 2448 1357 2502 κοίτην,
1385 2444 1445 2498 ὥς
1475 2445 1523 2490 ἕν
1551 2460 1596 2488 τε
1625 2446 1717 2495 τοῖς

218 2514 428 2570 Βάπταις
455 2517 706 2570 Εὐπόλιδος
732 2518 877 2562 Ἀλλὰ
907 2519 986 2570 τὰς
1017 2550 1074 2558 --
1107 2522 1407 2576 σεσαγμένας,
1437 2518 1514 2560 καὶ
1541 2516 1590 2558 ἐν
1622 2515 1716 2558 Φε-

218 2588 452 2646 ρεκράτους
470 2588 929 2649 Μυρμηκανθρώποις
950 2595 1138 2648 (Fragm.
1157 2596 1214 2646 V)
1241 2588 1388 2633 Ἀλλὰ
1416 2589 1492 2631 καὶ
1521 2586 1612 2631 κτλ.
1651 2590 1715 2631 lta

218 2664 339 2704 codd.
355 2665 475 2706 Voss.
493 2670 536 2705 et
551 2666 762 2719 Iungerm.
795 2666 930 2719 Vulgo
946 2661 1058 2704 ἀλλὰ
1078 2664 1153 2704 καὶ
1169 2660 1249 2712 τὰς
1278 2660 1428 2709 κοίτας
1458 2657 1535 2701 οὐκ
1565 2657 1715 2715 ἔχουσι

217 2737 297 2776 ete.
326 2729 440 2772 ἄλλα
470 2737 513 2775 ἰιι
544 2737 635 2776 cod.
667 2737 704 2777 A
734 2737 930 2777 omissum
962 2736 1197 2777 Fritzschio
1222 2737 1393 2788 Quae-st.
1419 2735 1547 2776 Arist.
1569 2733 1711 2788 palo

216 2807 495 2860 exsequenti
535 2806 803 2849 Pherecratis
853 2807 1090 2863 fragmento
1139 2806 1358 2861 irrepsisse
1395 2806 1572 2848 videtur.
1647 2804 1711 2846 De
