1786 3210
678 175 726 219 K
729 173 862 220 PON
863 173 954 219 ΟΣ.
1475 179 1561 223 585

77 287 190 335 νεύει
198 322 213 343 ,
260 292 349 334 eive
391 293 531 347 potius
570 286 895 342 ἀλαζονεύεται.
971 291 1196 333 Praeterea
1246 292 1288 333 in
1334 293 1562 347 Phrynichi

76 377 202 407 versu
230 364 454 418 legendum
491 364 657 405 videtur
683 358 915 417 “’Λγαμαι,
953 359 1143 413 Διονύ,
1185 359 1286 403 σοῦ
1326 360 1561 417 στόματος,

78 436 167 477 sive
196 436 288 489 ipse
318 436 524 488 Dionysus
553 435 619 475 his
650 435 788 476 verbis
818 435 1115 488 compellatur,
1154 434 1242 475 sive
1270 433 1397 474 homo
1426 435 1562 475 mollis

79 511 124 548 et
164 506 439 548 effeminatus.
505 506 688 559 Etymol.
718 506 780 547 M.
811 520 852 560 p.
882 507 966 547 277
997 505 1038 545 3.
1079 501 1302 551 Διονῦςε
1343 499 1367 543 ὁ
1407 516 1562 555 γυναι-

80 574 180 625 κίας
208 576 284 616 καὶ
313 572 564 626 πάνθηλυς.
603 576 679 618 Cfr
710 577 846 630 lntpp.
877 576 1082 630 Hesychii
1111 589 1144 617 s.
1160 589 1198 617 v,
1229 572 1426 622 Διονῦς.”
1458 576 1561 616 Eas-

81 648 179 690 dem
214 646 496 688 correctiones
535 647 764 700 Phrynichi
799 648 892 688 loco
930 649 1118 689 adhibuit
1157 660 1266 688 nunc
1316 647 1440 687 etiam
1478 646 1561 687 Th.

80 717 287 771 Bergidae
329 717 372 758 in
418 718 744 758 Zimmermanni
788 719 965 771 Ephem.
1009 719 1136 759 litter.
1176 719 1334 770 antiqu.
1371 730 1409 757 a.
1451 714 1563 756 1835

65 799 124 843 Ῥ.
154 789 252 829 821.
289 788 360 841 qni
399 788 452 828 de
488 789 656 829 nomine
695 786 853 837 Διονῦς
891 791 1081 843 apposite
1119 788 1243 830 affert
1273 787 1562 829 Herodianum

81 859 180 903 dict.
211 859 323 900 solit.
353 872 395 913 p.
426 859 478 899 31
511 860 567 899 9:
603 855 698 899 ἔστι
734 857 781 900 δὲ
820 859 896 900 καὶ
933 857 983 900 τὸ
1013 857 1171 908 Διονῦς
1208 854 1330 913 παρὰ
1359 857 1450 905 τοῖς
1477 869 1564 897 κω·

58 929 225 989 7μικοῖς
261 927 334 970 ἐπὶ
372 927 452 970 τοῦ
489 925 670 970 ἐκλύτου
705 926 998 986 τασσόμενον.
1067 933 1151 973 Pro
1180 927 1425 983 κεκομμένα
1455 925 1563 968 πολ-

83 996 208 1049 λάκις
236 1000 336 1043 fort.
365 995 644 1055 κεκόμπακας
672 1003 953 1054 scribendum,
981 1004 1027 1044 id
1055 1008 1102 1044 ut
1122 1001 1322 1056 Hesychii
1350 1000 1404 1042 sit
1433 1000 1563 1040 inter-

83 1077 405 1128 pretamentum.
438 1073 520 1114 Th.
543 1074 750 1127 Bergkius
779 1075 988 1115 scribebat
1015 1069 1248 1127 κεκομμέν’
1277 1067 1364 1121 ἤδη
1396 1064 1565 1111 πολλά-

82 1155 162 1193 κις.
214 1143 280 1185 Ad
310 1144 484 1184 verbum
514 1140 800 1193 σελλίζεσθαι
828 1149 874 1184 ut
902 1146 1085 1194 redeam,
1115 1144 1316 1184 falluntur
1344 1142 1458 1183 haud
1488 1141 1565 1182 du-

82 1213 153 1255 bie
181 1217 347 1255 veteres
377 1214 657 1267 grammatici,
688 1203 759 1267 qui
787 1213 830 1254 id
859 1215 910 1255 ab
940 1215 1150 1256 Aeschine
1180 1215 1277 1264 illo,
1307 1226 1431 1267 quem
1461 1212 1566 1255 Selii

83 1286 218 1327 filium
248 1284 548 1339 Aristophanes
579 1285 705 1338 Vesp.
725 1284 809 1327 325
839 1284 953 1336 dicit,
982 1285 1259 1341 repetendum
1290 1289 1453 1338 putant.
1478 1284 1565 1325 No-

86 1369 182 1398 men
211 1353 396 1406 Σέλλος,
436 1357 524 1397 sive
553 1353 735 1407 Σέλλιος
762 1353 949 1405 Σελλεύς
977 1353 1157 1407 Σέλλιος
1187 1361 1229 1396 et
1256 1349 1461 1406 Σιλλεύς,
1491 1368 1565 1395 an-

86 1427 259 1482 tiquitus
294 1428 347 1468 ad
383 1427 604 1471 notandam
642 1427 976 1481 importunarum
1006 1439 1322 1482 pauperumque
1349 1426 1566 1468 hominum

88 1493 478 1552 (πτωχαλαζόνων)
497 1499 817 1540 ostentationem
835 1504 878 1542 et
906 1500 1142 1541 iactantiam
1159 1498 1354 1539 usitatum
1371 1497 1464 1539 fuit.
1503 1497 1566 1538 lta

86 1569 229 1613 multis
258 1574 355 1611 ante
370 1569 693 1623 Aristophanem
709 1571 828 1612 annis
844 1570 1123 1612 Archilochus
1138 1569 1404 1613 Batusiadem
1425 1567 1565 1608 hario-

86 1639 175 1681 lum
190 1640 320 1681 Sellei
350 1641 482 1684 filium
512 1641 684 1682 dixerat.
715 1641 973 1696 Hesychius,
1003 1635 1282 1691 Σελληϊάὸεω
1311 1641 1448 1691 (reete
1471 1638 1564 1682 eod.

88 1707 382 1762 Σελληΐδεω)τ
411 1709 606 1760 Σελλὲως
633 1707 741 1764 υἱός,
762 1707 788 1752 ὁ
809 1706 968 1765 μάντις
982 1705 1298 1760 Βατουσιάὸης
1326 1706 1377 1750 τὸ
1406 1705 1566 1763 ὄνομα.

88 1782 182 1824 Non
212 1783 321 1823 enim
354 1783 531 1827 dubitari
559 1795 685 1837 posse
715 1783 894 1834 videtur,
924 1784 1022 1838 quin
1052 1783 1158 1825 haec
1187 1783 1239 1823 ad
1269 1781 1567 1824 Archilochum

88 1853 312 1895 referenda
348 1855 454 1904 sint,
502 1868 526 1895 a
564 1868 647 1908 quo
686 1855 952 1898 Batusiadem
989 1855 1106 1898 illum
1150 1854 1339 1908 gnaviter
1375 1858 1568 1895 vexatum

89 1936 183 1966 esse
218 1923 341 1965 docet
380 1926 558 1967 celebris
598 1926 673 1967 ille
709 1938 856 1967 versus
898 1923 973 1975 „e'v
1001 1923 1049 1965 δὲ
1079 1921 1417 1973 Βατουσιάδης”
1456 1923 1568 1977 apud

88 1994 321 2049 Hephaest.
352 2010 394 2050 p.
425 1998 480 2038 39
511 1997 685 2050 aliisque
714 1997 830 2038 locis.
862 1998 1000 2050 Atque
1028 1997 1127 2038 hinc
1155 1998 1226 2038 lux
1256 1996 1444 2037 oboritur
1474 1995 1567 2037 loco

88 2065 283 2108 Aristidis
321 2067 436 2109 Orat.
465 2068 521 2108 46
559 2068 640 2109 vol.
674 2068 714 2108 11
750 2079 792 2121 p.
822 2068 907 2108 380
945 2068 1010 2109 ed.
1051 2068 1174 2108 Dind.
1214 2061 1476 2121 Ἀρχίλοχος
1512 2091 1569 2099 —

90 2131 352 2190 Λυκάμβην,
385 2133 552 2179 Χειὸόν
580 2142 636 2191 *)‚
669 2134 893 2179 καὶτὸν
923 2135 1080 2181 δεῖνα
1111 2135 1208 2178 τὸν
1235 2133 1461 2190 μάντιν,
1493 2135 1571 2178 καὶ

18 2223 19 2226 “
91 2201 172 2247 τὸν
186 2204 406 2261 Περικλέα
435 2234 491 2241 —-
519 2207 597 2248 καὶ
625 2204 727 2256 τοὺς
755 2203 982 2258 τοιούτους
1011 2203 1283 2263 ἀνθρώπους
1311 2203 1452 2255 κακῶς
1480 2202 1569 2246 ἔλε-

92 2288 180 2329 γεν.
238 2279 395 2331 Quibus
424 2279 564 2320 verbis
593 2278 683 2332 ipse
713 2280 786 2320 ille
815 2280 999 2322 barlolus
1024 2279 1271 2320 Batusiades
1300 2279 1570 2332 significatur,

93 2358 218 2402 quem
248 2349 523 2393 Archilochus
553 2349 682 2391 Sellei
709 2351 841 2391 filium
872 2351 1021 2392 eodem
1051 2351 1226 2390 consilio
1263 2350 1447 2399 vocavit,
1487 2362 1570 2403 quo

93 2419 396 2473 Aristophanes
425 2421 452 2460 l.
476 2421 505 2461 l.
536 2421 783 2462 Aeschinem
817 2427 858 2461 et
890 2422 1015 2474 vesp.
1049 2422 1159 2461 1267
1190 2422 1422 2476 Amyniam.
1481 2421 1572 2463 Nec

95 2494 242 2544 postea
285 2504 374 2531 eam
418 2492 583 2532 dicendi
629 2493 831 2534 rationem
880 2493 1004 2546 plane
1047 2493 1329 2541 ohsolexisse,
1380 2490 1568 2541 Homeri,

92 2561 205 2602 haud
235 2562 374 2625 ignobi
394 2563 428 2602 is
463 2563 718 2616 grammatici
758 2568 800 2604 et
830 2569 978 2617 poetae
1008 2563 1295 2611 Alexandrini,
1334 2562 1569 2614 exemplum

96 2629 242 2681 docet,
270 2633 338 2673 cni
366 2633 510 2675 itidem
540 2633 658 2675 Sellii
689 2646 919 2690 cognomen
950 2634 1108 2683 haesit,
1139 2633 1318 2675 fortasse
1348 2633 1398 2676 ab
1429 2644 1569 2676 aemu-

193 2788 224 2836 ')
251 2789 319 2832 Vix
340 2801 503 2836 graecum
529 2792 594 2830 hoc
621 2805 745 2830 nomen
771 2799 836 2830 est.
883 2797 937 2829 An
964 2795 1054 2829 forte
1084 2793 1212 2829 Ψιῖδον
1238 2791 1451 2838 legendum?
