1786 3210
729 180 890 226 effll.
1004 155 1009 161 ⁸
1475 192 1558 232 aso

616 359 1030 403 ΘΕΟΙ.

236 566 423 613 ’Ἔπειθ’
460 565 572 613 ὅταν
600 567 832 626 πινώμεθ’
865 566 893 622 ἢ
922 567 1188 626 διψώμεθα,

236 652 465 713 εὐχόμεθα
494 656 602 714 πρὸς
635 653 775 699 τοῦθ’
808 654 833 698 ὁ
863 647 981 707 οἶνος
1009 654 1173 713 ώκερας
1202 659 1342 713 γενοῦ.

235 738 313 791 κάς
341 741 422 784 τοῦ
448 740 652 796 καπήλου
677 740 753 798 ’γώ
787 743 906 800 φέρω
936 742 1104 795 παίζων
1133 738 1242 799 ἅμα.

236 817 404 878 καῦθις
434 829 663 884 γεγένηται
692 828 823 871 τοῦτο
853 830 978 871 πέντε
1008 830 1085 871 καὶ
1115 826 1208 872 δύο.

180 943 421 986 Athenaeus
449 945 486 985 X
518 959 558 998 p.
579 947 663 987 426
678 945 716 986 f:
746 943 791 985 οἱ
821 941 873 984 δ’
903 942 1221 999 ἐπιτεταμένως
1247 942 1463 1001 χρώμενοι
1493 946 1552 1004 τῷ

66 1010 200 1068 ποτῷ,
225 1010 305 1054 δύο
344 1013 468 1055 οἴνου
507 1012 660 1056 ἔπινον
700 1014 810 1071 πρὸς
848 1016 974 1057 πέντε
1006 1010 1169 1066 ὕδατος
1207 1045 1263 1051 -
1294 1011 1550 1072 “’1;“()μιππος

70 1082 195 1133 Θεοῖς
216 1080 410 1126 ’Ἔπειθ’
441 1078 552 1126 ὅταν
580 1085 671 1127 κτλ.
740 1089 811 1131 Vs.
845 1089 868 1128 1
909 1089 974 1129 vix
1005 1090 1208 1130 credibile
1239 1096 1304 1130 est
1329 1088 1566 1131 πίνεσθαι

65 1162 109 1198 et
138 1153 376 1210 διψῆσθαι
406 1159 559 1199 dixisse
590 1159 868 1212 Hermippum
899 1173 975 1212 pro
1006 1156 1150 1199 πίνειν
1182 1166 1224 1201 et
1255 1158 1410 1214 διψῆν.
1481 1163 1548 1204 Ιη-

65 1230 338 1281 eptumitem
365 1230 536 1271 bibendi
566 1234 608 1271 et
637 1231 818 1271 sitiendi
847 1232 973 1271 verba
1003 1233 1063 1272 sic
1092 1238 1138 1272 ut
1169 1233 1250 1274 hoc
1282 1233 1374 1273 loco
1390 1233 1548 1275 factum

63 1305 130 1340 est
175 1300 383 1354 coniungi.
459 1302 550 1342 Nec
589 1302 763 1343 multum
801 1303 996 1356 proficias
1033 1304 1068 1343 si
1109 1317 1201 1345 cum
1245 1305 1328 1345 Th.
1367 1306 1548 1359 Bergkio

62 1373 298 1413 Comment.
338 1385 380 1426 p.
411 1373 495 1413 317
532 1368 785 1426 πινώμεθ’
824 1366 856 1423 ἢ
897 1367 1148 1427 διψώμεθα
1188 1376 1370 1427 scribas,
1420 1390 1548 1430 quum

62 1442 165 1483 fami
194 1443 332 1484 nullus
362 1443 431 1483 hic
460 1444 579 1484 locus
611 1458 704 1486 esse
734 1445 937 1486 videatur.
982 1470 1039 1477 —
1086 1447 1158 1488 Vs.
1191 1448 1218 1487 2
1247 1459 1549 1501 ωκερασγενου

61 1516 109 1556 Β.
148 1508 343 1566 ὠκαιρας
371 1525 500 1567 γενου
533 1516 655 1558 PVL.
714 1517 920 1570 Bergkius
951 1517 1150 1567 tentabat,
1181 1513 1411 1572 εὐχόμεθα
1442 1516 1549 1574 πρὸς

64 1580 222 1625 τοῦτ’·
265 1574 383 1632 οἶνος
412 1599 444 1626 ω
477 1583 605 1640 κέρας
634 1583 783 1638 γενοῦ,
814 1587 891 1628 hoc
921 1601 1052 1628 cornu
1081 1590 1231 1643 copiae
1251 1591 1451 1645 precibus
1481 1594 1547 1632 in-

62 1670 282 1698 vocamus:
322 1670 346 1697 ο
377 1670 506 1698 cornu
545 1659 690 1699 vinum
706 1661 814 1713 fiaS.
885 1659 1105 1700 Existimat
1142 1661 1252 1702 enim
1289 1662 1547 1705 Mercurium

63 1729 244 1769 aliumve
279 1728 513 1769 ministrum
544 1728 614 1769 hic
643 1730 759 1782 loqui
790 1729 843 1770 de
871 1730 1110 1771 beatissima
1141 1732 1224 1772 vita
1255 1733 1452 1783 deorum,
1494 1735 1548 1774 ad

62 1801 180 1842 cuius
210 1799 455 1841 felicitatem
486 1799 568 1840 hoc
595 1801 772 1842 maxime
802 1801 920 1841 illum
949 1801 1126 1853 referre,
1158 1804 1270 1856 quod
1299 1805 1546 1847 Amaltheae

60 1883 190 1912 cornu
234 1874 426 1921 utantur,
479 1883 752 1925 quaecunque
794 1872 1030 1913 collibuerit
1071 1874 1366 1927 benignissime
1410 1876 1546 1918 effun-

60 1944 200 1984 dente.
247 1967 303 1974 —-
348 1944 419 1986 Vs.
450 1943 478 1983 3
522 1944 646 1998 vulgo
677 1939 756 1983 οὐκ
785 1938 927 1983 ἀστοῦ
954 1943 1030 1983 καὶ
1060 1942 1216 1995 πηλοῦ.
1261 1947 1295 1986 Β
1327 1943 1550 1988 οὑκαστοῦ

60 2012 136 2054 καὶ
166 2010 322 2064 πηλοῦ.
381 2014 566 2056 Adamus
595 2010 674 2054 οὐκ
703 2010 792 2054 ἀπὸ
821 2010 1037 2064 καπήλου.
1099 2016 1258 2070 Recepi
1290 2019 1546 2061 emendatio-

60 2098 155 2127 nem
188 2085 371 2138 Bergkii.
440 2086 658 2128 Sententia
696 2092 834 2128 tamen
866 2101 920 2128 ne
950 2089 1009 2128 sic
1039 2088 1207 2141 quidem
1239 2089 1428 2142 perfecta
1459 2096 1544 2132 est:

61 2156 224 2196 videtur
259 2157 369 2197 inter
404 2158 633 2199 secundum
672 2159 926 2212 tertiumque
964 2172 1129 2200 versum
1168 2160 1324 2213 aliquid
1372 2163 1540 2203 interci-

62 2226 186 2267 disse.
225 2252 282 2259 —-
318 2227 391 2268 Vs.
421 2227 450 2267 4
485 2217 652 2276 καῦθις
684 2230 808 2273 PVL.
845 2228 1035 2278 καυθεὶς
1065 2231 1187 2273 ΛΒΡ.
1218 2228 1382 2280 κεύθὺς
1413 2235 1544 2287 Berg-

60 2297 167 2338 kius.
228 2296 333 2338 lbid.
365 2291 444 2337 δύο
474 2312 550 2352 pro
581 2294 671 2339 δύω
700 2301 953 2342 Dindorflus.

625 2508 806 2570 “’.Ωσπερ
837 2514 886 2555 αἱ
917 2512 1167 2571 κανηᾳὸροι

255 2598 472 2640 λευκοῖσιν
502 2596 758 2656 ἀλφίτοισιν
787 2600 1149 2656 ἐντετριμμένοις.

257 2681 335 2738 ἐγώ
369 2681 419 2726 δ’
454 2684 651 2742 ε’νέκαψα
681 2683 928 2730 λανθάνων
958 2686 1038 2739 τὴν
1068 2682 1360 2745 διφροφόρον.

176 2796 405 2842 Scholiast-
443 2801 655 2857 Aristoph.
694 2804 770 2846 Av.
804 2803 936 2846 155⁰:
976 2802 1074 2851 ταῖς
1111 2797 1380 2858 κανηφόρους
1419 2795 1541 2843 σκιάν,-
