1786 3210
0 0 60 207 ἶ
536 177 798 222 FABULAE
830 178 1134 222 INGERTAE.
1464 187 1550 229 547

60 291 225 341 chium,
265 287 491 346 Παραρεῖε
529 288 771 347 φληναφεῖ.
835 292 891 334 At
926 292 970 334 in
1001 293 1214 346 Hesychio
1253 298 1391 347 potius
1420 302 1551 341 corri-

59 363 243 418 gendum
275 360 503 416 παραρρεῖ,
534 363 600 403 vel
632 369 748 404 certe
777 363 882 403 illud
912 366 1104 418 παραρεῐ
1130 378 1153 406 a
1185 366 1390 420 παραρὲω
1420 371 1552 412 dedu-

59 435 255 476 cendum.
321 429 648 486 Παραρρυῆναι
686 429 764 483 τῆς
801 428 1023 483 ἀληθείας
1062 435 1166 476 dixit
1208 437 1402 479 Clemens
1432 441 1550 483 Alex.

60 506 215 547 Strom.
249 505 309 546 111
339 518 380 558 p.
410 505 495 544 288
527 504 639 544 Pott.
699 503 804 545 Ibid.
836 502 898 561 τῷ
925 503 990 562 σῷ
1018 501 1146 561 λόγῳ.
1208 507 1382 549 Certum
1419 523 1549 562 quen-

60 576 155 618 dam
197 576 435 624 hominem,
479 573 659 615 fortasse
700 575 1023 629 Aristophanem
1065 577 1285 630 Eupolidis
1325 582 1548 630 aemulum,

61 647 192 702 digito
222 650 459 688 monstrans
488 645 594 691 haec
623 646 723 686 dicit
751 645 916 689 histrio.
976 647 1037 688 lta
1069 648 1192 689 etiam
1225 650 1449 704 Bergkius.
1492 678 1549 685 —-

58 719 132 761 vs.
160 720 190 759 7
232 717 532 760 Valckenarius
570 714 793 758 πιθέσθε.
865 707 1049 760 Prolusit
1085 720 1213 774 igitur
1242 722 1549 774 quodammodo

57 789 287 843 Anglorum
318 787 578 841 quorundam
609 788 837 838 doctrinae,
870 801 992 841 quam
1022 794 1136 832 recte
1165 793 1318 834 taxavit
1341 794 1550 835 Herman-

58 873 151 902 nus.
181 878 237 886 ·—
276 859 347 901 Vs.
376 859 404 899 8
434 858 558 911 vnlgo
589 853 828 915 ‹poovq‘J-J’.
875 859 1067 901 Correxit
1096 862 1313 904 Dobraeus
1343 864 1418 905 1.1.
1466 865 1548 905 Pro

56 927 207 984 ἡμῶν,
247 942 354 983 quae
383 930 649 971 Valckenarii
680 930 917 971 emendatio
950 937 1039 981 est,
1080 933 1205 986 vulgo
1236 928 1374 988 ὑμῶν.
1432 936 1549 979 Adii-

56 1015 155 1044 cere
183 1002 296 1042 iuvat
325 1000 672 1054 elegantissimam
703 1002 1021 1043 translationem
1050 1002 1210 1044 Grotii:

116 1071 333 1125 Quotquot
362 1071 432 1111 laic
460 1073 747 1125 speMturitis,
778 1086 924 1113 aurem
953 1078 997 1113 et
1027 1075 1216 1115 animum
1246 1076 1461 1117 advertite
1475 1090 1492 1117 .·

112 1155 294 1197 namque
321 1154 368 1182 se
397 1143 610 1182 convertit
639 1143 699 1182 ad
726 1155 800 1182 vos
826 1149 974 1184 nostra
1005 1157 1183 1185 caussae
1212 1146 1378 1195 dictio,-

121 1212 199 1254 Vos
222 1213 460 1266 peregrino
479 1216 642 1266 poetae
668 1213 836 1267 grande
864 1213 1065 1254 clamatis
1093 1215 1272 1268 sophos.-

113 1283 271 1324 cioium
298 1282 376 1323 sed
402 1283 444 1322 si
474 1283 570 1336 quis
598 1284 690 1323 arti
718 1285 953 1325 carminum
982 1298 1028 1326 se
1057 1286 1245 1326 tradidit

111 1355 262 1409 ingeni
287 1366 374 1394 non
401 1355 632 1407 sequioris,
661 1360 802 1395 mente
833 1361 1002 1410 captum
1032 1356 1196 1406 dicitis,

109 1427 175 1467 sic
205 1426 329 1480 quasi
357 1424 496 1465 tutela
527 1425 708 1466 iamiam
736 1425 882 1467 danda
909 1428 971 1467 sit
999 1427 1248 1481 gentilibus.

113 1495 202 1536 Sed
227 1495 334 1536 mihi
363 1508 518 1550 quaeso
548 1496 772 1537 audientes
797 1499 947 1550 ponite
976 1498 1086 1538 hanc
1114 1497 1387 1548 sententiam,

111 1579 191 1608 nec
220 1567 423 1608 iuventae
450 1571 619 1608 vestrae
647 1567 824 1608 honores
853 1569 1046 1610 invidete
1073 1569 1270 1609 musicos.

782 1720 833 1760 ΙΙ.

110 1806 248 1849 Μισῶ
276 1804 540 1859 λακωνίζειν,
571 1805 820 1862 ταγηνίζειν
850 1807 896 1849 δὲ
928 1804 1012 1849 κᾶν
1042 1806 1273 1864 πριαίμην.

110 1890 278 1943 πολλὰς
307 1890 357 1935 δ’
394 1884 523 1949 οἶμαι
552 1892 632 1935 νῦν
660 1893 942 1949 βεβινῆσθαι
1003 1899 1019 1916 ·
1080 1899 1098 1918 ’

107 1978 168 2021 Α.
225 1984 244 2005 ’
305 1984 323 2004 ‘
381 1982 400 2003 ⁸
460 1974 509 2028 ὃς
538 1977 584 2020 δὲ
614 1978 785 2036 πρῶτος
814 1978 981 2035 ἐξεῦρεν
1011 1977 1061 2020 τὸ
1093 1977 1188 2038 πρῴ
1214 1975 1451 2033 ’ninivem

108 2062 166 2108 Β.
198 2060 370 2115 πολλήν
398 2077 444 2118 γε
474 2062 838 2121 λακκοπρωκτίαν
866 2049 1105 2126 ἐᾷπίστασ’
1139 2057 1248 2120 ἧμιν
1276 2061 1426 2120 εὑρών.

50 2148 81 2191 5
108 2147 167 2190 A.
198 2139 296 2192 εἷεν.
326 2146 393 2198 τίς
421 2140 545 2191 εἶπεν
574 2147 746 2206 »ἀμίδα
776 2152 862 2191 παῖ
870 2136 1096 2206 ”’πρῶτος
1124 2148 1290 2206 μεταξύ
1319 2146 1486 2202 πίνων;

110 2230 167 2275 Β.
198 2231 527 2288 ΙΙαλαμηδικόν
559 2248 605 2287 γε
638 2234 768 2275 τοῦτο
802 2232 1075 2290 τούξεύρημα
1105 2235 1181 2276 καὶ
1212 2233 1359 2289 σοᾳόν
1390 2247 1486 2275 σου.

167 2347 405 2389 Athenaeus
437 2348 452 2388 Ι
483 2361 525 2402 p.
557 2349 612 2390 17
629 2349 681 2389 d:
726 2344 918 2396 Εὔπολις
952 2347 998 2388 δὲ
1041 2346 1122 2388 τὸν
1160 2346 1334 2402 πρῶτον
1363 2342 1541 2401 εἰσηγη·

0 2470 2 2480 ¹
52 2411 247 2470 σάμενον
276 2414 326 2458 τὸ
356 2417 435 2469 τῆς
467 2414 628 2473 ἀμίδος
665 2415 809 2473 ὄνομα
839 2414 1096 2469 ἐπιπλήττει
1127 2418 1263 2471 λέγων
1294 2418 1432 2460 Maon?
1462 2417 1542 2479 λα-

49 2484 245 2538 κωνίζειν
274 2486 363 2531 κτλ.
418 2491 625 2544 Autolyco
659 2492 879 2545 Eupolidis
908 2492 990 2532 hoc
1021 2491 1299 2544 fragmentum
1331 2492 1541 2532 vindicare

0 2572 3 2598 ν
51 2564 224 2599 conatus
265 2565 329 2601 est
368 2561 627 2602 Fritzschius
664 2563 717 2602 ad
757 2563 1047 2616 Aristophanis
1079 2563 1336 2614 Thesmoph.
1367 2577 1407 2615 p.
1440 2562 1538 2604 281.

0 2623 1 2626 ’
54 2628 166 2680 quod
210 2630 360 2683 quibus
409 2644 509 2673 usus
552 2633 784 2674 rationibus
827 2633 992 2683 fecerit,
1038 2633 1187 2673 melius
1228 2632 1382 2685 legitur
1426 2632 1536 2685 apud

57 2695 208 2750 ipsum.
268 2701 400 2744 Poeta
429 2716 510 2744 non
542 2716 637 2744 eum
668 2705 933 2758 perstringit,
965 2704 1035 2756 qui
1065 2704 1222 2757 primus
1251 2703 1431 2744 matulae
1461 2715 1535 2742 no-

56 2779 152 2810 men
182 2768 348 2823 invexit,
379 2774 454 2816 sed
484 2774 556 2828 qui
587 2775 746 2829 primus
782 2777 894 2817 inter
922 2775 1073 2829 pocula
1103 2774 1298 2815 matulam
1336 2773 1537 2827 poposcit.

1181 2843 1238 2883 35
1256 2846 1273 2865 ‘
