1786 3210
234 174 318 216 264
771 165 1178 211 PHEREGRA'HS

237 282 290 325 τὸ
333 280 478 339 ὄνομα
523 281 708 339 εἴρηται.
770 279 845 323 καί
884 295 949 329 τις
989 276 1097 334 ἔφη,
1138 273 1416 332 Φὲρέκράΐης
1457 276 1729 320 Δθυλοόίὸα·
1784 304 1786 333 j

240 351 387 412 σκάλῳ
419 354 452 395 I
455 351 662 405 ‘ccaaarjv'
685 350 891 394 ἔκλεπτον
919 348 972 392 οὐ
1002 348 1157 390 τέλεια.
1193 346 1238 387 ἐν
1270 346 1317 388 δὲ
1353 345 1627 403 Αὐτομόλοις
1662 347 1728 394 Οὐ

238 423 510 480 γαλαθηνὸν
540 433 617 467 etc.
1778 418 1782 419 ⁷

934 565 1025 607 Vll.

283 647 462 707 ιὨσπερ
492 648 578 691 τῶν
608 644 811 703 αἰγιδίων
842 645 954 700 ὄζειν
985 647 1030 689 ἐκ
1064 646 1142 689 τοῦ
1174 644 1398 703 στόματος
1426 647 1675 708 μελικήρας.

346 765 588 806 Athenaeus
619 766 718 807 XlV
756 779 796 818 p.
815 765 960 805 6480:
991 763 1068 804 καὶ
1102 761 1188 803 τῶν
1219 762 1503 819 καλουμένων
1533 764 1579 807 δὲ
1605 766 1727 822 μελι-

233 831 426 890 κηρίδων
482 831 749 889 μνημονεύει
813 831 1089 892 Φερεκράτης
1146 834 1194 876 ἐν
1253 833 1532 893 Αὐτομόλοις
1589 832 1727 889 οὕτως

227 900 411 962 ”.Ωσπερ
440 905 529 946 τῶν
559 901 763 958 αἰγιδίων
792 906 883 949 κτλ.
947 909 1007 948 lta
1038 908 1462 964 Schweighaeuserus
1493 926 1569 966 pro
1599 910 1726 966 μελι-

236 976 390 1032 κῆροιι,
428 984 544 1018 recte
586 985 771 1020 statuens
808 973 1020 1033 μελικήρα
1061 980 1172 1020 idem
1212 994 1306 1022 esse
1347 984 1458 1035 quod
1487 982 1725 1038 μελικηρίς,

237 1051 349 1104 quod
380 1050 508 1090 edulii
539 1064 671 1103 genus
703 1055 1001 1092 commemorat
1019 1051 1271 1104 Hesychius,
1305 1050 1569 1108 Μελικαρίςε
1600 1052 1725 1096 σκεύ-

234 1116 360 1176 ασμά
390 1134 432 1160 τι
462 1118 635 1175 βρωτὸν
666 1119 740 1162 διὰ
770 1118 917 1175 τυροῦ,
949 1135 999 1162 ex
1032 1123 1321 1165 emendatione
1338 1127 1584 1178 Casauboni,
1602 1140 1726 1181 quam

235 1194 452 1234 confirmat
483 1192 588 1247 fere·
606 1197 736 1233 totam
768 1194 900 1234 codex
930 1194 1133 1235 Venetus.
1195 1196 1620 1250 Schweighaeuserus
1651 1200 1724 1241 ad-

235 1264 296 1304 dit
328 1263 601 1304 Philoxenum
632 1265 842 1306 Athenaei
873 1265 941 1308 IV.
964 1279 1003 1317 p.
1024 1265 1106 1305 147
1125 1267 1162 1316 b,
1194 1268 1263 1319 qui
1295 1274 1592 1311 commemorat
1622 1267 1726 1321 ξαν-

232 1330 328 1382 θὰς
365 1331 662 1389 μελικηρίδας.
735 1336 874 1377 Verba
913 1332 1000 1374 τῶν
1042 1330 1247 1388 αἰγιδίων
1282 1333 1394 1387 ὄζειν
1423 1341 1605 1394 pessime
1635 1342 1724 1384 kir-

234 1420 328 1448 cum
358 1406 469 1446 olere
499 1407 623 1446 vertit
656 1407 846 1459 Toupius
878 1407 928 1446 ad
961 1407 1120 1448 scholia
1153 1409 1370 1449 Theocriti
1395 1411 1430 1453 V
1460 1411 1528 1453 59.
1593 1414 1726 1455 Recte

232 1477 346 1518 haud
378 1477 505 1517 dubie
535 1478 749 1517 Dobraeus
781 1478 831 1517 ad
865 1478 1076 1530 Aristoph.
1110 1480 1220 1521 Plut.
1247 1481 1355 1520 1021
1389 1481 1571 1530 „dicitur
1600 1484 1739 1525 alicui<

235 1562 318 1590 non
357 1549 492 1589 minus
530 1562 699 1589 suavem
737 1549 915 1588 animam
947 1562 1042 1590 esse
1073 1563 1194 1602 quam
1237 1552 1431 1604 capellis,
1470 1566 1572 1605 quas
1616 1555 1724 1596 bene

236 1620 448 1660 olentibus
490 1619 633 1659 herbis
674 1621 787 1660 vesci
826 1626 970 1660 notum
1011 1622 1113 1662 est.''
1183 1623 1355 1664 Frustra
1399 1623 1623 1666 Elmsleius
1670 1627 1723 1668 ad

180 1693 183 1701 ’
235 1691 449 1745 Aristoph.
481 1691 662 1733 Acharn.
695 1692 777 1731 193
808 1693 1129 1745 transpmebat,
1167 1691 1214 1733 ἐκ
1251 1691 1331 1735 τοῦ
1370 1689 1594 1748 στόματος
1632 1708 1724 1738 των
1784 1724 1786 1728 f

235 1755 441 1817 αἰγιδίων
472 1757 586 1812 ὄζειν
614 1753 762 1818 ὡσπερ
789 1758 1040 1819 μελικήρας.

928 1922 1043 1964 VIII.

490 2001 695 2047 Ὀπόταν
725 2002 948 2063 σχολάζῃς,
979 2007 1148 2063 νεῖψον,
1178 2000 1252 2047 ἵνα
1285 2005 1340 2048 τὰ
1370 2004 1475 2060 λὴϊα

489 2090 849 2149 συγκαρκινωθῇ.

350 2206 630 2260 Harpocratio
661 2221 702 2262 p.
735 2208 818 2247 106
848 2208 904 2248 in.
945 2197 1057 2247 ὅταν
1095 2201 1119 2246 ὁ
1151 2205 1271 2254 σῖτος
1300 2204 1472 2265 ῥιζωθῇ
1500 2204 1614 2248 κατὰ
1644 2206 1721 2260 τῆς

235 2273 327 2330 γῆς,
356 2275 715 2332 κεκαρκινιῦσθαί
745 2291 882 2334 φασι·
918 2273 1192 2333 Φερεκράτης
1210 2272 1491 2331 Αὐτομόλοις
1515 2275 1720 2321 ‘ondam

236 2343 447 2404 σχολάζῃς
476 2347 568 2389 κτλ.
640 2350 800 2390 Eadem
838 2351 992 2391 omisso
1035 2351 1203 2391 fabulae
1239 2351 1378 2391 indice
1409 2351 1586 2392 Photius
1618 2353 1718 2394 Lex.

236 2433 279 2473 p.
310 2421 394 2459 132
437 2424 479 2459 et
509 2421 658 2460 Suidas
689 2436 724 2460 v.
757 2418 960 2476 καρκίνος
1046 2423 1214 2462 Partem
1255 2423 1337 2462 loci
1379 2425 1557 2463 servavit
1594 2424 1717 2464 etiam

236 2489 386 2531 Pollux
417 2491 496 2532 Vll
539 2491 643 2531 150:
685 2488 735 2530 τὸ
772 2493 856 2544 μὲν
896 2490 1135 2547 ῥιζοῦσθαι
1177 2490 1256 2532 τὸν
1294 2495 1441 2543 σῖτον,
1481 2505 1718 2548 συγκαρκι-

237 2559 438 2601 νοῦσθαι
469 2557 628 2613 ἔλεγον.
687 2554 802 2601 ὅθεν
831 2562 907 2601 καὶ
941 2560 1215 2618 Φερεκράτης
1243 2561 1290 2602 ἐν
1319 2562 1410 2611 τοῖς
1438 2559 1718 2616 Αὐτομόλοις

236 2628 322 2686 ἔφη
343 2625 447 2673 Ἵνα
479 2630 534 2672 τά
561 2629 663 2682 λήϊα
696 2633 1051 2690 σινγκαρκινωθῇ.
1122 2635 1203 2674 Pro
1247 2633 1422 2684 νεῖψον,
1460 2637 1571 2688 quod
1608 2638 1716 2677 Bek-
1760 2668 1768 2674 ,

236 2704 338 2745 kero
368 2704 556 2754 debetur,
586 2705 681 2744 libri
712 2705 1054 2758 Harpocrationis
1085 2706 1241 2746 habent
1270 2703 1439 2759 νῆψον,
1477 2707 1616 2748 Photii
1646 2721 1716 2748 co-

237 2775 317 2817 dex
345 2783 494 2826 νηψον
524 2776 612 2818 sine
642 2777 832 2817 accentui
889 2777 1103 2819 Porsonus
1133 2776 1281 2833 νῖψον.
1344 2778 1535 2821 Valesius
1566 2775 1716 2832 νίψον.
