1786 3210
681 147 951 194 HYTJNH.
1486 151 1569 201 im

77 267 167 314 cot,
202 268 251 305 ut
286 277 393 318 quos
428 268 648 319 praeterea
678 263 904 306 Pausanias
937 265 957 307 1
985 265 1039 308 21
1070 266 1098 307 7
1138 269 1182 308 ct
1212 266 1270 308 28
1299 266 1327 312 εὶ
1365 266 1411 314 in
1441 266 1574 309 Athe-

75 336 359 376 nintumurbe
389 340 688 377 commemorat
725 335 867 377 fontes
899 337 1005 378 duos
1025 367 1036 388 ‚
1080 338 1350 379 Enneacruni
1387 339 1574 380 alveolos

75 404 210 447 fuisse
240 419 470 460 eorumque
499 407 678 449 alterum
707 419 803 458 una,
835 409 1014 449 alterum
1047 409 1210 450 duabus
1239 410 1392 453 fistulis
1424 416 1574 463 postea

75 481 270 519 ornatum
302 492 397 521 esse
428 479 650 523 existimet.
709 480 803 520 Hos
834 485 975 523 autem
1004 480 1145 522 fontes
1177 494 1272 522 cum
1290 483 1571 522 Enneacruno

76 550 322 591 coniunctos
360 550 582 592 fuisse.ex
619 564 677 594 eo>
700 551 913 605 intelligi,
957 553 1152 605 quoniam
1192 553 1422 594 Pausanias
1455 554 1473 597 Ι
1515 543 1572 595 14

77 621 132 663 de
161 623 438 664 Enneacruno
469 623 527 662 ita
556 623 765 675 loquatur5
795 628 842 664 ut
871 628 1041 677 praeter
1070 625 1183 667 hunc
1213 625 1375 665 nullum
1393 625 1572 667 Athenis

76 691 236 733 fontem
272 693 402 734 fuisse
445 699 656 747 appareat.
725 696 820 736 Non
867 702 970 749 puto
1010 697 1117 737 haec
1154 698 1409 750 scripturum
1439 697 1574 749 fuisse

75 778 114 806 v.
147 765 198 806 cl.
242 767 279 806 si
317 766 507 806 locorum
547 766 671 807 situm
711 768 852 819 paullo
893 770 1125 809 accuratius
1156 769 1369 822 cognitum
1400 769 1574 810 habuis-

75 840 155 877 set.
215 838 330 889 Quos
362 839 473 878 enim
505 851 555 878 ex
586 838 790 879 Pausania
820 845 1120 881 commemorat
1150 840 1303 890 fontes,
1337 854 1482 881 eorum
1514 842 1575 882 al-

74 912 142 948 ter
170 908 212 948 in
245 909 401 962 templo
432 910 704 964 Aesculapii,
749 911 855 951 alter
883 912 925 952 in
959 912 1083 953 Panis
1113 916 1232 952 antro
1263 926 1395 966 prope
1426 913 1573 955 fanum

75 980 305 1032 Apollinis,
346 986 523 1034 uterque
554 986 693 1023 autem
725 983 766 1023 in
797 985 888 1037 ipso
921 985 1027 1025 arcis
1058 985 1164 1025 clivo
1204 985 1477 1035 scaturiebat,
1508 986 1574 1026 lo-

76 1052 136 1093 cis
174 1065 198 1093 a
236 1053 471 1094 Callirrhoe
522 1055 626 1095 caeli
670 1056 844 1108 regione
885 1057 1059 1097 diversis
1107 1060 1309 1109 tantoque
1348 1056 1572 1098 intervallo

76 1124 317 1175 disiunctis,
357 1130 404 1166 ut
451 1139 528 1179 pro
566 1127 755 1180 partibus
793 1130 1060 1170 Enneacruni
1099 1129 1267 1169 habitos
1308 1141 1403 1169 esse
1447 1129 1573 1183 plane

74 1195 320 1237 incredibile
351 1198 418 1239 sit.
476 1199 566 1239 Nec
594 1199 691 1240 ideo
723 1213 867 1241 secum
896 1214 1086 1254 pugnare
1112 1200 1349 1240 censendus
1381 1205 1444 1240 est
1462 1200 1572 1241 Pau-

0 1318 1 1321 Ἴ
77 1267 235 1318 sanias,
277 1270 348 1322 qui
389 1282 516 1323 quum
555 1271 607 1311 de
646 1272 927 1314 Enneacruno
966 1273 1025 1313 ita
1061 1272 1228 1313 scribit:
1275 1269 1450 1326 φρέατα
1489 1273 1572 1326 μὲν

75 1337 152 1378 καὶ
182 1336 257 1379 διὰ
286 1335 433 1390 πάσης
464 1339 542 1391 τῆς
571 1336 739 1392 πόλεώς
767 1334 886 1393 ἐστι,
924 1340 1043 1397 πηγὴ
1075 1341 1120 1383 δὲ
1153 1335 1267 1394 αὕτη
1296 1339 1437 1397 μόνη,
1481 1358 1570 1386 ma-

75 1409 234 1451 nifesto
273 1411 356 1452 hoc
394 1413 517 1463 dicit,
555 1419 705 1467 puteos
746 1415 914 1468 quidem
952 1417 995 1456 in
1027 1415 1287 1456 Athenarum
1328 1418 1433 1457 urbe
1477 1431 1572 1459 essa

74 1481 291 1535 plurimos,
315 1483 482 1543 ¹fontem
505 1491 666 1537 autem,
694 1488 765 1540 qui
781 1488 1009 1541 potabilem
1029 1501 1179 1540 aquam
1200 1489 1378 1539 emittat,
1401 1493 1572 1542 praeter

31 1570 35 1573 ·
71 1553 340 1599 ¹Callirrhoen
370 1557 543 1599 nullum.
576 1560 714 1612 Atque
742 1560 800 1600 ita
827 1560 1036 1601 intellexit
1066 1561 1205 1600 locum
1236 1560 1361 1600 etiam
1375 1561 1571 1603 Leakius.

26 1625 223 1678 ⁸‚ltaque
261 1627 445 1680 reliquos
476 1630 736 1672 Athenarum
774 1632 914 1673 fontes
952 1645 1002 1672 ex
1042 1645 1188 1672 eorum
1230 1644 1406 1672 numero
1438 1631 1571 1673 fuisse

60 1700 403 1742 ,consentaneum
433 1707 508 1750 est,
527 1692 704 1755 quorum
725 1718 872 1756 aquam
891 1706 1010 1757 potui
1040 1703 1269 1744 inhabilem
1289 1702 1422 1744 fuisse
1445 1705 1572 1746 tradit

5 1768 19 1799 ἕ
77 1770 368 1812 vitruviusl.1.
381 1773 569 1825 Denique
585 1777 972 1816 commemorandus
985 1775 1172 1829 Hesych.
1183 1769 1570 1828 Λωὸεκάκρουνοςε

5 1841 7 1843 ’
75 1835 314 1892 ’.Αθήνησι
343 1839 502 1898 κρήνη,
546 1839 602 1894 ἣν
631 1842 741 1886 ἔνιοι
776 1842 1126 1904 Ἕννεάκρουνόν
1158 1859 1323 1901 φασιν,
1365 1841 1493 1887 ἄλλοι
1525 1845 1572 1887 δὲ

24 1942 25 1946 =
54 1910 337 1969 ,Καλλιρόην
365 1913 568 1957 καλοῦσι.
627 1920 788 1971 Quibus
818 1920 966 1961 similia
996 1920 1160 1960 duobus
1191 1919 1296 1959 locis
1326 1919 1454 1960 habet
1475 1920 1570 1961 Sui-

19 2029 23 2031 *
76 1986 165 2029 das.
232 1988 316 2036 Sed
360 1988 510 2029 horum
550 1990 718 2044 quidem
755 1992 797 2032 in
836 1993 1094 2044 reliquorum
1140 1991 1307 2032 silentio
1349 1991 1464 2031 nulla
1505 1995 1571 2032 est

52 2048 203 2114 „plane
232 2061 477 2110 auctoritas,
511 2075 588 2102 nec
619 2063 799 2103 dubitari
829 2068 970 2117 potest
999 2065 1097 2117 quin
1130 2063 1349 2116 utriusque
1380 2076 1570 2105 errorem

78 2144 130 2177 ex
159 2132 268 2173 male
306 2132 521 2174 intellecto
554 2135 712 2175 Cratini
752 2135 847 2175 loco
885 2140 1001 2175 recte
1040 2135 1291 2175 derivaverit
1331 2139 1428 2187 post
1467 2135 1573 2175 alios

9 2243 19 2251 ⁸,
79 2203 274 2244 Dukerus
313 2204 380 2263 ad·
405 2205 599 2258 Thucyd.
641 2206 680 2246 ll
728 2206 796 2248 15.
869 2207 1015 2261 ltaque
1056 2208 1228 2247 verbum
1268 2219 1351 2246 non
1393 2206 1571 2261 amplius

78 2275 242 2315 addam.
300 2277 499 2318 Ceterum
529 2272 886 2332 δωδεκάκρουνον
913 2274 1061 2331 στόμα
1085 2278 1244 2319 Cratini
1276 2281 1446 2330 praeter
1468 2278 1570 2318 Phi-

51 2346 298 2394 'lustratum
331 2347 380 2390 V.
411 2348 542 2401 Soph.
573 2363 617 2402 p.
645 2349 731 2388 525
770 2350 977 2401 expressit
1014 2349 1212 2402 Theoph.
1244 2349 1398 2389 Simoc.
1431 2349 1570 2402 Epist.

50 2419 150 2465 ,240
193 2442 250 2451 --
295 2419 366 2460 Vs.
398 2419 425 2459 3
465 2417 518 2476 τῇ
547 2414 715 2474 φάρυγι
744 2421 969 2462 Porsonus.
1030 2421 1180 2462 Suidas
1218 2421 1310 2460 loco
1341 2420 1485 2474 priore
1515 2418 1570 2478 τῇ

24 2486 304 2546 ’,πραρυγίςῃ
332 2491 463 2532 altero
496 2488 549 2548 τῇ
578 2487 786 2547 φάρυγγι.
855 2493 1086 2533 Scholiasta
1127 2497 1167 2531 et
1201 2493 1381 2534 Tzctzes
1413 2494 1567 2534 omisso

50 2563 255 2607 *anniculo
291 2557 498 2618 φάρυγγι.
570 2565 616 2605 In
659 2565 744 2605 fine
784 2577 927 2605 versus
970 2560 1014 2603 τί
1045 2557 1101 2605 ἄν
1131 2560 1300 2617 εἴποιμί
1331 2575 1405 2604 σοι
1445 2565 1569 2605 scho-

58 2630 226 2684 mnam
261 2629 305 2682 τί
332 2627 390 2673 ἂν
419 2632 588 2689 ιῖποιμι
618 2636 798 2677 Tzctzes
829 2641 872 2676 et
901 2636 1051 2677 Suidas
1091 2636 1184 2678 loco
1217 2636 1382 2690 priore,
1417 2630 1475 2675 ἂν
1503 2633 1569 2675 εἴ-

87 2713 216 2757 ποιμι
241 2704 333 2751 loco
364 2707 510 2750 altero.
549 2733 605 2742 —-
638 2707 710 2750 Vs.
741 2708 768 2754 4
796 2704 860 2761 μὴ
892 2704 975 2762 γὰρ
1006 2706 1244 2758 ncholiasta,
1272 2700 1384 2762 μήγε
1418 2708 1568 2750 Suidas

88 2774 182 2817 loco
210 2777 361 2831 priore,
388 2775 451 2834 μὴ
478 2780 571 2823 loco
603 2781 750 2822 altero.
810 2807 865 2815 —-
920 2780 991 2823 Vs.
1022 2778 1050 2822 5
1078 2779 1243 2835 integer
1272 2779 1428 2835 legitur
1457 2779 1568 2834 apud
