1786 3210
184 165 271 208 876
741 161 1080 208 TELEGLIDIS

155 303 165 312 ..
186 271 324 334 μενόν
351 289 396 318 τι
422 265 492 328 ἦν.
556 273 866 329 Τηλεκλείδης·
895 289 987 317 τισι
1016 272 1104 315 τῶν
1135 271 1338 316 δυνατων
1364 289 1409 316 τι
1437 272 1590 317 κέλευ’·
1620 273 1675 318 οὐ
1742 263 1752 330 ζ

188 348 274 406 γὰρ
324 346 447 406 παρὰ
495 344 833 404 Κενταύροισιν.
914 348 1074 390 Eadem
1115 328 1292 388 Phctius
1328 361 1370 402 p.
1399 347 1483 389 565
1520 349 1563 390 7.
1593 349 1674 390 nisi
1743 334 1761 403 {g

189 422 302 475 quod
332 433 448 472 τισι,
481 422 526 462 in
555 434 637 474 quo
663 416 906 468 “Ησιὸδοις
936 422 1069 460 latere
1099 419 1292 469 videtur,
1323 431 1417 460 cum
1448 419 1674 462 Teleclidis
1753 403 1761 433 ⁷⁷

188 494 356 535 nomine
393 494 659 534 coniunctum
698 496 775 533 est.
833 492 886 534 V.
918 491 1029 532 nist.
1061 491 1153 531 crit.
1184 504 1225 543 p.
1256 491 1327 531 88.
1399 491 1562 532 Omisso
1601 478 1674 533 illc

188 577 282 605 τισι
312 569 456 606 cetera
484 565 575 605 sine
605 563 786 604 auctoris
817 562 984 603 nomine
1012 563 1165 603 iterum
1196 562 1394 615 leguntur
1422 563 1532 616 apud
1562 563 1676 613 Pho-

188 636 294 677 tium
325 650 368 689 p.
399 635 484 675 613
514 635 555 675 1.
626 633 841 674 Porsonus
871 633 1045 674 Advers.
1077 646 1120 686 p.
1151 633 1233 672 266
1273 634 1481 674 scribebat
1517 629 1561 674 τί
1602 630 1678 686 015,-

187 703 278 747 τῶν
318 703 521 746 δυνατῶν
557 717 602 746 τι
641 700 799 746 κέλευ’.
867 699 921 743 οὐ
956 699 1040 759 γὰρ
1079 699 1201 758 παρὰ
1239 699 1535 760 Κενταύροισι
1572 700 1677 745 τάδ’

189 788 322 820 εστιν.

826 859 909 901 ΧΠ
938 873 975 900 a.
1005 859 1047 900 b.

302 946 580 990 Antiatticista
611 959 651 999 p.
676 945 776 986 107.
809 942 868 984 M
876 940 898 985 ὁ
911 955 1071 1000 μφινε
1101 939 1202 984 ἀντὶ
1231 940 1312 984 τοῦ
1338 942 1526 999 μέμψιν.
1590 945 1679 996 Τη-

188 1014 422 1068 λεκλείδης.
482 1019 599 1071 Lege
627 1011 814 1070 μόμφον
842 1018 908 1057 vel
936 1009 1139 1070 μομφήν.
1216 1015 1392 1058 Photius
1421 1030 1463 1071 p.
1494 1018 1579 1059 257
1608 1019 1678 1060 26.

190 1087 562 1144 Μέμφειρανε
597 1085 677 1137 τὴν
706 1087 894 1142 μέμψιν.
931 1082 1232 1138 Τηλεκλείδης.
1292 1088 1493 1131 Fortasse
1524 1088 1679 1144 Μέμ-

190 1172 447 1216 πτειρανε
481 1155 564 1209 τὴν
593 1157 899 1214 μεμφομένην.

881 1242 1001 1284 Xlll.

304 1330 609 1372 Grammaticus
640 1328 822 1370 Bekkeri
851 1326 1010 1370 Anecd.
1040 1340 1083 1381 p.
1097 1327 1178 1368 371
1211 1328 1280 1372 82.
1309 1324 1370 1369 ’A
1378 1342 1438 1386 κρ
1450 1325 1550 1371 ouw'
1560 1329 1586 1371 λ
1597 1345 1612 1372 ι
1623 1345 1653 1372 α
1664 1347 1679 1375 .·

191 1396 384 1458 δίεφθα.
420 1396 722 1453 Τηλεκλείδης.
779 1398 1056 1442 Scribendum
1070 1397 1234 1440 videtur
1250 1400 1502 1444 coniunctim
1521 1398 1682 1459 ἀκρο-

191 1486 217 1514 κ
229 1468 264 1516 ,ω’
276 1471 301 1515 λ
316 1486 331 1513 ι
342 1487 372 1513 α
412 1468 466 1512 δι’
479 1485 497 1512 ε
508 1485 543 1528 φ
555 1470 647 1513 θα.
720 1470 999 1512 Pherecrates
1029 1467 1230 1515 Μεταλλ.
1259 1472 1409 1529 fragm.
1440 1474 1460 1515 Ι
1490 1474 1567 1516 13:
1606 1472 1680 1516 ἐπὶ

191 1540 470 1594 πινακίσκοις
498 1542 576 1587 καὶ
605 1537 774 1602 δίεφθ’
807 1535 1067 1599 ἀκροκώλια.

881 1640 998 1687 xlv.

307 1726 613 1769 Grammaticus
642 1726 824 1768 Bekkeri
854 1725 1013 1768 Anecd.
1042 1740 1084 1781 p.
1101 1726 1187 1766 403
1216 1727 1258 1768 4.
1286 1721 1347 1766 ‘A
1357 1737 1419 1786 νη
1433 1722 1678 1784 ρώτιζενε

194 1793 297 1836 ἀντὶ
326 1794 408 1838 τοῦ
434 1792 655 1853 ἀνηρώτα.
719 1792 1021 1850 Τηλεκλείδης.
1085 1797 1247 1840 Eadem
1286 1798 1434 1841 Suidas
1472 1804 1516 1844 et
1543 1802 1682 1845 Zona-

194 1881 264 1912 ras
294 1882 328 1913 s.
359 1864 632 1924 ἀνηρώτιζεν.

894 1957 988 2000 XV.

310 2043 616 2087 Grammaticus
654 2043 837 2083 Bekkeri
867 2042 1026 2084 Anecd.
1057 2055 1100 2097 p.
1129 2043 1214 2085 412
1243 2043 1313 2085 25.
1353 2010 1680 2094 Mam-2502„

195 2108 299 2156 ἀντὶ
343 2111 424 2154 τοῦ
469 2110 821 2169 παραλογιεΐται.
885 2109 1186 2166 Τηλεκλείδης.
1250 2114 1412 2157 Eadem
1457 2114 1608 2157 Suidas
1645 2130 1681 2161 s.

193 2196 429 2235 απατησει.

893 2274 1007 2316 XVI.

309 2361 576 2418 Phrynichus
607 2361 719 2414 Epic.
747 2373 788 2414 p.
818 2360 917 2400 291.
952 2356 1215 2413 Βρέχεινε
1254 2354 1358 2399 ἀντὶ
1393 2357 1474 2400 τοῦ
1513 2352 1607 2401 ὕειν
1633 2356 1683 2402 ἕν

195 2442 283 2475 τινι
311 2427 522 2492 κωμῳδίᾳ
552 2427 715 2486 ἀρχαία
739 2428 1072 2487 προστιθεμένη
1096 2426 1358 2486 Τηλεκλείδῃ
1383 2428 1443 2489 τῷ
1470 2429 1679 2491 κωμῳδῷ.

880 2542 1015 2586 XVII.

310 2628 545 2669 Scholiasta
574 2626 864 2681 Aristophanis
893 2627 1080 2668 Av.17.
1126 2622 1205 2666 τὸν
1244 2583 1325 2679 μὲν
1360 2622 1678 2681 Θαρρελείδου]

195 2689 439 2754 Σύμμαχος
475 2692 902 2750 Ἀσωπόδωρον.
961 2696 1038 2738 καὶ
1074 2693 1158 2753 γὰρ
1189 2695 1317 2744 οὗτος
1346 2695 1419 2737 επὶ
1447 2694 1679 2755 μικρότητι

197 2763 284 2813 ὑπὸ
329 2762 618 2822 Τηλεκλείδου
654 2761 980 2827 κεκωμῴδηται.
1041 2765 1117 2807 καὶ
1155 2763 1179 2807 ὀ
1219 2764 1390 2817 κολοιὸς
1428 2765 1582 2827 μικρὸς
1616 2764 1680 2809 ὠν
