1786 3210
261 151 349 197 560
646 189 649 191 a
831 153 1135 197 Euromms
1742 0 1786 202 ἲ

911 266 1109 309 xxxffl.

565 344 715 393 ‘'Or-av
744 350 791 392 δὲ
821 349 876 402 δὴ
907 348 1069 393 πίνωσι
1097 347 1181 401 τὴν
1209 348 1419 404 ἐπιδέξια.

377 458 526 499 Pollux
562 456 602 496 ΙΙ
642 456 749 497 159:
795 451 917 511 παρὰ
958 453 1006 495 δὲ
1044 449 1265 495 Εὐπόλιδι
1302 449 1556 508 προπόσεως
1596 452 1746 510 σχῆμα

254 520 392 570 Ὅταν
423 527 470 568 δὲ
500 523 661 568 πίνωσι
691 524 775 577 τὴν
804 524 1015 578 ἐπιδέξια.
1076 527 1137 566 Ita
1168 527 1317 580 vulgo:
1350 527 1529 568 correxit
1543 528 1746 583 Toupiuu.

263 601 327 644 De
357 597 554 651 ἐπιδέξια
584 594 728 640 πίνειν
757 600 854 642 vide
884 600 1147 642 Athenaeum
1177 597 1238 638 XI
1268 611 1310 652 p.
1340 597 1425 638 464
1439 612 1477 640 a.

911 721 1105 764 XXXIV.

553 808 688 852 Οἴνου
718 807 937 867 παρόντος
967 808 1067 865 ὅξος
1095 807 1281 869 ἠράσθη
1310 813 1436 853 πιεῖν.

375 915 527 957 Pollux
555 915 615 958 VI
646 915 725 957 65:
764 911 822 956 τὰ
853 913 899 956 δὲ
928 913 1192 972 ἡδύσματα,
1220 911 1389 967 ἔλαιον,
1421 909 1542 966 ὅξος,
1572 911 1631 965 ὦς
1659 912 1749 958 Εὕ-

266 984 392 1035 πολις
429 984 563 1026 Οἴνου
593 982 813 1041 παρόντος
841 987 930 1029 κτλ.
1006 990 1070 1031 Ad
1101 983 1265 1035 Πόλεις
1295 988 1436 1028 nescio
1466 1000 1547 1040 quo
1578 982 1748 1031 auctore

262 1060 474 1102 rettulerit
505 1058 675 1099 Grotius
706 1061 926 1114 Excerptis
955 1075 997 1115 p.
1028 1061 1126 1102 503.
1157 1061 1274 1101 cuius
1303 1060 1409 1100 haec
1440 1064 1503 1099 est
1533 1060 1745 1101 translatio

273 1132 371 1173 Vult
402 1131 543 1170 bibere
575 1135 754 1180 acetum,
787 1146 879 1172 cum
907 1134 969 1172 sit
999 1133 1091 1172 vim·
1121 1133 1257 1185 copia.
1324 1131 1481 1172 Versus
1517 1129 1649 1170 fuisse
1684 1131 1746 1170 vi-

265 1203 389 1243 detur
418 1201 694 1255 proverbialis
726 1203 778 1242 de
809 1204 861 1244 iis
893 1204 1026 1244 dictus
1058 1203 1128 1255 qui
1158 1201 1401 1243 melioribus
1431 1202 1747 1254 suppetentibus

264 1273 474 1315 deteriora
509 1271 787 1326 praeferrent.

924 1363 1098 1406 XXXV.

378 1451 638 1494 Cocondrius
685 1452 738 1493 de
792 1454 924 1507 tropis
983 1453 1095 1507 apud
1144 1453 1445 1494 Boissonadum
1485 1453 1642 1495 Anecd.
1690 1454 1749 1497 lv

262 1537 305 1579 p.
334 1524 432 1564 296.
462 1523 572 1576 apud
602 1524 806 1565 Walzium
836 1525 963 1566 Rhet.
995 1525 1102 1567 Vlll
1132 1538 1174 1578 p.
1206 1526 1316 1565 789:
1353 1520 1404 1563 τὸ
1434 1519 1624 1578 εἴκασμα
1653 1521 1748 1565 ἐστι

263 1592 453 1648 σκῶμμα
483 1589 600 1634 καθ’
630 1590 894 1648 ὁμοιότητα,
933 1590 991 1643 ὠς
1031 1591 1116 1649 ἔχει
1153 1591 1204 1634 τὸ
1234 1589 1342 1650 παρ’
1375 1589 1594 1634 Εὐπόλιδι
1632 1593 1745 1635 Κα-

264 1662 618 1715 τεικάζουσιν
656 1662 796 1720 ἡμᾶς
837 1661 1005 1719 σχάδι
1041 1663 1242 1722 βολβῷ.
1303 1667 1384 1706 Pro
1416 1659 1548 1718 σχάδι
1580 1667 1771 1708 [misso-⁴

265 1738 395 1780 nadus
427 1722 609 1791 σχεδόν,
649 1726 834 1779 Walzius
865 1731 1038 1792 ἰσχάδι,
1082 1738 1157 1779 sed
1193 1737 1301 1778 male
1330 1737 1440 1777 idem
1471 1734 1622 1793 βολβῷ
1650 1743 1747 1779 ante

264 1804 592 1857 κατεικαζουσιν
631 1810 878 1862 transponit.
945 1811 1141 1851 Fortasse
1171 1835 1228 1841 -—
1267 1802 1594 1858 κατεικαζουσιν
1631 1803 1747 1861 ἡμᾶς

268 1874 446 1934 ἰσχάδιΙ
478 1875 626 1934 βολβῷ
656 1878 732 1920 τε.7
761 1882 1018 1933 Quamquam
1055 1894 1134 1921 nec
1163 1880 1245 1920 hoc
1274 1880 1393 1920 valde
1422 1881 1573 1933 placet.
1618 1881 1744 1922 Com-

262 1951 422 2006 paratio
454 1964 547 1992 eum
577 1951 712 1991 carica
740 1952 793 1991 ad
822 1963 946 2005 rugas
975 1957 1165 2005 spectare
1194 1951 1371 1992 videtur.
1433 1952 1482 1994 V.
1507 1951 1742 1992 Iacobsium

265 2023 487 2065 Animadv.
530 2022 583 2062 ad
625 2022 823 2062 Brunckii
865 2022 985 2063 Anal.
1025 2023 1043 2063 1
1082 2024 1110 2063 2
1148 2036 1189 2076 p.
1220 2022 1317 2063 281.
1386 2022 1449 2062 De
1482 2016 1747 2070 κατεικάζιιν

264 2092 361 2134 vide
390 2092 443 2133 ad
473 2092 631 2133 Cratini
660 2093 829 2147 Drapet.
861 2093 977 2133 Xlll.
1687 2112 1689 2115 ·

916 2205 1109 2247 XXXVI.

1173 2283 1234 2328 Οὐ
1266 2283 1385 2328 πάνυ
1411 2285 1523 2342 ταχὺ

485 2369 625 2430 ῥίψας
655 2372 756 2428 ἐμοὶ
785 2371 909 2415 τοῦτ’
934 2372 1171 2427 ἀναβαλεΐς
1201 2370 1252 2413 τὸ
1282 2369 1514 2429 κρητικόν,-

374 2476 550 2517 Photius
587 2490 628 2530 p.
660 2477 743 2517 178
781 2478 848 2518 17.
888 2472 1133 2531 Κρητικόνι
1171 2473 1311 2531 βραχὺ
1353 2470 1555 2528 ἱμάτιον
1608 2469 1744 2525 οὕτως

261 2540 456 2595 Εὔπολις
499 2541 562 2587 Οὐ
599 2542 716 2586 πάνυ
754 2541 866 2600 ταχύ
901 2546 994 2587 κτλ.
1052 2549 1194 2590 Codex
1230 2543 1488 2599 ἄναβάλλὲς.
1551 2548 1742 2588 Correxit
1780 2599 1783 2601 μ

261 2617 488 2660 Porsonus.
553 2614 778 2672 Κρητικὸν
815 2619 943 2660 vestis
974 2622 1064 2659 erat
1093 2620 1231 2660 tenuis
1261 2623 1304 2658 et
1335 2623 1473 2667 curta,
1515 2631 1595 2670 qua
1632 2619 1742 2671 apud

264 2687 541 2730 Athenienses
580 2702 655 2730 rex
692 2703 903 2731 sacrorum
938 2691 1147 2731 utebatur.
1218 2689 1269 2732 V.
1300 2688 1538 2742 Hesychius
1567 2702 1606 2730 v·
1633 2702 1742 2744 κρη-

260 2755 384 2799 τικὸν
413 2763 457 2801 et
486 2759 634 2801 Pollux
663 2761 744 2803 Vll
774 2762 844 2803 77.
