1786 3210
258 187 344 230 592
833 183 991 228 PHRY
997 183 1034 226 N
1038 183 1158 226 lcm

259 295 416 347 ἑαυτὰς
454 296 685 355 σφαγῆναι
724 293 832 352 ὑπὲρ
869 294 947 348 τῆς
980 292 1154 362 χώρας,
1198 294 1661 352 στρατιᾶς,ἐλθόὐσης
1698 297 1746 342 ἐκ

258 366 502 419 Βοιωτίας·
542 363 928 425 ἕσφαγιάσθησαν
965 366 1013 409 δὲ
1050 366 1098 408 ἐν
1133 365 1196 425 τῷ
1220 364 1458 426 “Υακίνθῳ
1495 369 1749 428 καλουμένῳ

259 437 386 498 πάγῳ
429 437 537 496 ὑπὲρ
578 439 669 483 τῶν
725 435 1014 495 σφενδονίων.
1089 436 1160 480 διὸ
1203 439 1280 480 καὶ
1324 432 1463 489 οὕτως
1507 439 1748 483 καλοῦνται

259 511 546 568 παρθένοι
594 506 990 561 ’Υακινθίδες,
1034 506 1247 565 καθάπερ
1285 512 1503 567 μαρτυρεῖ
1538 508 1750 564 Φανόδη-

260 596 343 637 μος
373 581 420 623 ἐν
450 581 504 640 τῇ
531 580 551 622 ἑ
587 577 839 632 Ἀτθίδος,
877 580 1155 636 μεμνημένος
1183 580 1260 632 τῆς
1296 580 1427 635 τιμῆς
1465 578 1633 636 αὐτῶν,
1672 583 1750 624 καὶ

265 650 484 710 Φρύνιχος
515 648 827 710 Μονοτρόπῳ.’
886 654 1048 695 Eadem
1077 655 1276 708 leguntur
1305 655 1415 708 apud
1445 655 1615 697 Suidam
1643 669 1677 697 s.
1707 669 1746 697 v.

257 724 513 781 Παρθένοι.
583 725 667 766 Pro
710 720 988 779 σφενδονίων
1033 726 1129 779 lege
1171 723 1456 779 Σᾳενδονῶν.
1528 727 1589 767 lta
1636 727 1747 768 enim

258 798 375 839 locus
402 797 478 838 ino
511 797 757 838 vocabatur.
817 796 1122 837 Grammaticus
1151 797 1282 838 Bekk.
1315 798 1473 839 Anecd.
1503 811 1544 852 p.
1561 799 1644 839 202
1673 799 1746 840 22.

254 863 580 923 Ἀφιδρύματα
624 864 672 907 ἐν
723 868 820 915 ταῖς
863 862 1165 922 Σφενδόναιςε
1213 863 1503 922 αφιδρύματα
1551 869 1633 923 μὲν
1692 864 1748 907 τὰ

258 934 511 994 ἀγάλματα,
542 933 801 993 Σφενδόναι
830 936 877 979 δὲ
907 933 1042 987 τόπος
1068 933 1348 989 Ἀθήνησιν.
1625 957 1627 959 ·

948 1063 1066 1105 Xlll.

1059 1150 1350 1202 Τηλικουτοσὶ
1376 1150 1514 1208 γέρων

485 1234 622 1288 ἄπαις
654 1235 910 1292 ἇγύναικος.

373 1354 525 1395 Pollux
556 1354 617 1395 111
648 1354 727 1394 48:
765 1345 1103 1407 ’Λριστοφάνης
1140 1348 1187 1391 δὲ
1230 1346 1396 1404 ἄγονον
1438 1347 1518 1391 τὸν
1562 1344 1744 1402 ἀγύνην,

264 1419 483 1481 Φρύνιχος
513 1423 561 1464 δὲ
597 1422 889 1475 Τηλικουτοσὶ
918 1420 1007 1463 κτλ.
1040 1423 1104 1464 Ad
1135 1424 1433 1477 Monotropum
1462 1423 1604 1464 rettuli
1633 1423 1745 1463 nist.

259 1499 351 1538 crit.
392 1511 433 1551 p.
466 1496 564 1537 15⁰.
639 1495 868 1549 Occupavit
917 1494 1000 1535 Th.
1045 1494 1250 1547 Bergkius
1295 1496 1527 1536 Comment.
1572 1507 1615 1549 p.
1644 1494 1744 1535 372.

257 1568 422 1611 Eodem
454 1571 625 1608 auctore
654 1563 934 1618 τηλικουτοσὶ
964 1565 1113 1618 scripsi
1141 1578 1219 1618 pro
1249 1563 1516 1615 τηλικοῦτος.

682 1872 1329 1928 ΜΟΥΣΛ1.*)

978 2004 1012 2044 1.

458 2080 626 2141 Μάκαρ
654 2084 923 2141 Σοφοκλέης,
953 2082 1001 2134 ὅς
1029 2082 1172 2127 πολὺν
1195 2081 1360 2139 χρόνον
1389 2079 1515 2138 βιούς

456 2167 702 2222 ἀπέθανεν,
730 2166 956 2226 εὐδαίμων
983 2167 1097 2226 ἀνὴρ
1126 2170 1203 2211 καὶ
1231 2165 1384 2221 δεξιός,

459 2253 623 2305 πολλὰς
653 2253 844 2307 ποιήσας
872 2257 948 2298 καὶ
977 2252 1113 2305 καλὰς
1143 2251 1415 2311 τραγῳδίας·

458 2339 600 2390 καλῶς
631 2337 681 2381 δ’
714 2337 978 2395 ἐτελεύτησ’,
1008 2337 1139 2382 οὐδὲν
1166 2335 1409 2396 ὑπομείνας
1437 2333 1585 2381 κακόν.

371 2457 571 2500 Scholion
604 2457 763 2500 Victor.
795 2472 819 2499 a
849 2457 1098 2500 Thierschio
1129 2456 1288 2498 editum
1317 2455 1433 2498 Actis
1462 2452 1615 2494 Philol.
1644 2452 1740 2492 Μο·

257 2541 347 2571 nac.
380 2529 398 2570 1
428 2542 471 2583 p.
501 2528 609 2569 3242
647 2522 672 2568 ὁ
711 2525 759 2567 δὲ
793 2523 1011 2584 Φρύνιχος
1051 2525 1098 2567 ἐν
1128 2523 1362 2578 Μούσαις,
1399 2519 1453 2573 ἃς
1480 2519 1739 2576 συγκαθῆκε

348 2671 385 2717 *)
411 2673 450 2707 V.
475 2675 621 2710 Quaest.
648 2685 743 2710 scen.
766 2677 797 2709 ΙΙ
822 2685 856 2719 p.
882 2674 928 2708 10
952 2675 1060 2717 (Hist.
1086 2672 1164 2708 crit.
1189 2686 1223 2718 p,
1250 2672 1334 2714 157)
1367 2670 1427 2704 ubi
1450 2680 1539 2714 qnae
1565 2670 1608 2703 de
1633 2678 1741 2712 argu-

258 2738 375 2768 mento
401 2733 501 2768 huius
525 2735 662 2770 fabulae
687 2735 759 2770 dixi
784 2744 854 2770 non
876 2735 1081 2770 recordatus
1105 2739 1180 2770 erat
1203 2733 1270 2768 Th.
1293 2731 1464 2777 Bergkius
1489 2735 1607 2767 noster
1631 2730 1742 2765 Com-

258 2799 366 2831 ment.
390 2807 425 2841 p.
449 2795 531 2831 376.
