1786 3210
245 179 331 221 478
846 179 1153 221 EUPOLlDlS

249 293 353 341 τοὺς
391 287 648 332 Παναιτίου
691 291 767 332 καὶ
807 290 1067 347 Μέμνονος,
1111 287 1172 341 εἰς
1218 288 1377 342 ὑηυιάν
1417 293 1739 353 κωμῳδοῦντες.

245 366 406 419 Quibus
437 365 545 406 adde
575 365 758 418 Etymol.
790 365 851 406 M.
883 380 923 419 p.
952 368 1038 408 736
1068 368 1123 408 47
1156 381 1205 408 ex
1239 365 1390 407 Photio
1421 370 1739 412 emendandum.

246 437 371 491 Quod
399 437 442 477 in
472 436 571 477 filiis
602 437 872 490 Hippocratis
904 438 1028 479 etiam
1058 439 1244 479 Pericles
1274 445 1637 492 commemoratur,
1667 442 1739 494 qui

247 510 386 563 magni
418 508 597 548 Periclis
627 509 740 548 filius
770 507 850 547 fuit
881 521 930 548 ex
960 511 1131 563 Aspasia
1163 515 1403 564 susceptus,
1442 511 1632 564 profecto
1663 513 1740 553 mi-

243 573 338 623 rum
369 579 501 620 videri
533 579 671 619 debet.
733 580 821 619 Nec
852 584 990 621 tamen
1022 583 1187 634 probari
1217 588 1356 635 potest
1388 584 1609 623 Fritzschii
1639 596 1739 625 con-

243 654 403 695 iectura
434 651 590 691 Pericli
623 644 854 702 Βουζύγην
882 653 1168 693 substituentis
1200 655 1310 706 apud
1343 655 1373 695 Ι.
1395 654 1594 707 Raspium
1611 667 1653 707 p.
1666 654 1736 695 24.

242 725 309 767 Ad
340 723 561 776 Eupolidis
594 720 878 774 fragmentum
908 729 954 763 ut
984 724 1158 772 veniam,
1191 731 1380 777 apertum
1413 731 1475 766 est
1505 740 1564 766 vs.
1597 726 1620 765 l
1660 726 1736 766 ali-

239 795 340 849 quid
372 794 588 835 excidisse.
657 793 878 833 Coniicere
909 796 1043 847 possis
1073 791 1174 834 0271'1'
1201 792 1524 851 Ἱπποκράτους
1553 809 1624 847 γε,
1668 794 1735 838 vel

239 865 285 906 οἱ
315 861 365 905 δ’
396 858 720 918 Ἱπποκράτους
750 877 811 916 γε.
872 866 957 905 Sed
996 866 1101 907 haec
1140 881 1240 907 sane
1279 869 1452 909 incerta.
1525 869 1634 909 Illud
1672 874 1734 909 ta·

235 951 339 980 men
370 937 662 987 certissimum,
694 950 775 978 non
806 937 1022 990 scripsisse
1052 939 1235 992 Eupolin
1267 940 1378 992 quod
1395 941 1652 981 Fritzschius
1683 940 1734 982 ad

238 1010 455 1064 Aristoph.
487 1009 662 1049 Thesm.
694 1022 735 1062 p.
767 1009 851 1048 102
882 1009 1079 1060 affirmat,
1118 1005 1127 1018 ‘
1146 1006 1505 1066 Υσιπποκράτυυς
1543 1024 1586 1050 τε
1628 1010 1733 1051 παῖ·
1765 1020 1768 1023 “

238 1079 326 1130 διες.
386 1082 477 1122 Nec
502 1081 781 1133 Hippocrates
810 1079 901 1132 ipse
932 1082 1006 1121 sed
1035 1082 1112 1121 filii
1143 1084 1233 1123 eius
1265 1085 1402 1136 porcis
1434 1084 1732 1136 comparaban-

233 1157 320 1194 tur.
378 1153 634 1193 Ravennatis
665 1152 776 1191 enim
808 1151 1055 1192 scholiastae
1086 1155 1323 1195 testimonio
1364 1150 1651 1206 (διεβάλλετο
1683 1155 1730 1194 δὲ

237 1220 322 1265 σὺν
351 1220 504 1269 αὐτοῖς
533 1218 592 1269 ὡς
620 1217 919 1275 ἀπαίδευτος)
958 1225 1000 1264 in
1042 1230 1279 1265 ceterorum
1318 1226 1482 1265 silentio
1523 1225 1625 1265 nihil
1655 1226 1731 1266 tri-

195 1324 199 1328 ·
235 1296 464 1337 buendum.
536 1295 615 1334 Pro
654 1290 914 1347 ἐμβόλιμοι,
954 1296 1064 1347 quod
1104 1297 1253 1337 Snidas
1293 1297 1594 1349 interpretatur
1633 1294 1731 1337 ἀτε-

234 1365 338 1415 λεῖς,
368 1379 464 1407 cum
497 1366 544 1406 L.
577 1367 793 1406 Dindorfio
825 1366 954 1406 Thes.
986 1367 1033 1407 L.
1068 1367 1139 1408 Gr.
1169 1368 1227 1407 lll
1258 1381 1300 1421 p.
1324 1368 1408 1408 819
1439 1369 1472 1407 Β
1503 1369 1728 1422 legendum

235 1440 402 1480 videtur
431 1431 660 1490 ἑκβόλιμοι
690 1439 892 1487 eiectitii,
923 1438 1132 1488 abortivi,
1164 1439 1230 1479 cui
1261 1439 1527 1479 coniecturae
1558 1441 1730 1494 egregie

236 1511 352 1552 favet
394 1511 485 1563 ipsa
524 1509 596 1550 illa
629 1510 899 1562 Hippocratis
938 1511 1118 1549 filiorum
1158 1523 1251 1550 cum
1293 1511 1429 1563 porcis
1460 1513 1728 1564 comparatio.

235 1582 393 1624 Notum
432 1586 497 1621 est
533 1581 632 1632 quid
672 1580 803 1621 suerit
838 1576 987 1634 μήτρα
1028 1575 1229 1632 ἐκβολάς.
1308 1583 1376 1622 Vs.
1408 1582 1435 1620 2
1481 1580 1610 1620 τέκνα
1642 1583 1728 1623 Eu-

233 1654 350 1708 polin
393 1653 662 1692 I-Iermannus
706 1652 859 1705 Opusc.
892 1653 927 1694 V
969 1666 1010 1704 p.
1042 1653 1126 1692 290
1165 1654 1297 1705 prima
1335 1652 1538 1704 producta
1575 1653 1727 1694 dixisse

232 1724 394 1774 statuit,
423 1727 471 1763 ut
501 1724 748 1776 gravitatem
779 1723 1032 1776 tragicorum
1062 1724 1317 1762 imitaretur:
1348 1723 1458 1775 quod
1491 1735 1634 1762 verum
1665 1724 1727 1780 vi-

235 1796 373 1836 detur.
440 1795 656 1848 Euripidis
697 1807 842 1835 versus
883 1808 975 1834 esse
1013 1795 1148 1847 potuit
1188 1807 1311 1847 quem
1350 1795 1521 1852 parodia
1561 1778 1728 1836 luderet

230 1866 433 1920 Eupolis:
465 1861 658 1919 ἔχθιστα
691 1860 819 1905 τέκνα
844 1862 1076 1919 κούδαμῶς
1097 1861 1266 1919 τούμοῦ
1294 1861 1474 1920 τρόπου,
1504 1865 1569 1905 vel
1602 1865 1734 1906 simili·

232 1938 412 1992 quodam
458 1937 598 1978 modo.
675 1937 893 1978 Postrema
939 1939 1089 1987 verba,
1142 1951 1248 1990 quae
1292 1937 1422 1978 codex
1468 1936 1724 1978 scholiorum

232 2008 529 2061 Aristophanis
577 2022 601 2048 a
639 2009 834 2049 Dobraeo
882 2011 1057 2050 collatus
1105 2010 1162 2049 ita
1210 2009 1380 2048 exhibet
1416 2002 1638 2058 κούδαμὸς
1676 2019 1723 2060 γε

231 2075 315 2119 τοῦ
372 2072 554 2131 τρόπου,
613 2079 818 2120 Kusterus
869 2085 911 2119 et
953 2080 1170 2120 Bentleius
1217 2080 1475 2131 scripserunt
1519 2075 1599 2116 τοῦ
1643 2076 1724 2117 νῦν

216 2140 415 2205 Ἀτρόπου,
447 2151 651 2203 probante
681 2150 873 2190 Dobraeo
904 2150 956 2190 ad
988 2152 1113 2203 Vesp.
1147 2149 1278 2190 1472
1334 2149 1523 2202 Toupius
1544 2149 1721 2191 Emend-

230 2222 252 2263 1
281 2235 324 2275 p.
356 2220 439 2261 165
470 2218 550 2260 τοῦ
579 2217 679 2274 ’μοῦ
709 2217 890 2275 τρόπου,
931 2221 1190 2262 Fritzschius
1222 2220 1331 2273 apud
1367 2221 1562 2272 [iaspium
1594 2233 1634 2273 p.
1666 2221 1722 2261 26

230 2290 310 2334 τοῦ
350 2289 434 2331 σοῦ
471 2287 662 2346 τρόπου,
703 2293 856 2333 Pericli
895 2292 1000 2332 haec
1038 2293 1146 2332 dicta
1188 2305 1280 2332 esse
1320 2291 1558 2332 coniicie'nn.
1625 2291 1721 2333 Hoc

228 2364 490 2420 probandum
521 2364 708 2405 videtur:
746 2376 994 2417 quamquam
1034 2362 1168 2405 lenius
1198 2364 1382 2416 corrigas
1411 2358 1644 2415 κούδαμῶς
1672 2375 1719 2414 γε

225 2433 315 2478 ισοῦ
344 2431 525 2491 τρόπου.
586 2437 733 2489 ltaque
762 2436 880 2476 locus
911 2436 969 2476 ita
999 2436 1244 2475 scribendus
1273 2435 1429 2475 fuerit:

399 2501 529 2546 Ἀλλ’
556 2501 877 2560 Ἱπποκράτους
906 2519 950 2558 γε
984 2506 1137 2553 παῖδες
1167 2502 1395 2558 ἑκβόλιμοιῖ
1425 2517 1549 2552 τινες,

403 2573 602 2631 βληχητὰ
632 2576 763 2616 τέκνα
794 2574 1029 2629 κούὸαμώς
1059 2590 1104 2627 γε
1137 2576 1218 2616 σοῦ
1250 2572 1426 2629 τρόπου,

229 2649 454 2691 Fritzschii
492 2640 774 2690 coniecturam
813 2648 1004 2702 probavit
1052 2647 1176 2686 etiam
1218 2647 1298 2686 Th.
1342 2646 1545 2699 Bergkius
1589 2647 1714 2688 Com-

225 2724 358 2762 meut.
389 2733 430 2773 p.
460 2720 560 2761 349.
598 2721 664 2762 cui
702 2731 823 2762 versu
863 2719 999 2772 primo
1041 2717 1306 2769 ¹scribendum
1346 2718 1510 2757 videtur
1541 2716 1622 2758 σοῦ
1650 2712 1711 2758 θ’

226 2784 549 2842 Ἱπποκράτους
586 2802 630 2829 τε
664 2788 756 2832 κτλ.
795 2795 842 2831 ut
881 2793 925 2829 et
965 2788 1140 2829 Periclis
1182 2787 1363 2838 nothus,
1398 2789 1500 2830 item
1538 2789 1713 2841 Periclis
