1786 3210
508 157 807 203 MAGNETIS
837 157 994 202 [11οΝ
1001 157 1170 204 ΥΣΟΣ.
1550 165 1580 205 9

82 272 285 316 Lehrsius
321 273 441 328 Epic.
473 278 632 327 quaest.
664 287 732 328 p.
739 276 835 319 16⁶².
908 277 990 318 Pro
1032 271 1210 332 φυστὴν
1250 275 1490 319 Dindorfius
1528 290 1580 319 ex

82 348 309 399 praecepto
353 345 584 387 Herodiani
627 346 737 399 apud
777 347 909 389 schol.
951 349 1077 391 Arist.
1122 348 1251 402 Vesp.
1285 349 1372 389 608
1410 349 1580 403 scripsit

85 410 277 471 φύστην.

500 564 579 607 EX
621 564 875 608 INCERTA
915 567 1159 610 FABULA.

203 656 415 698 Vitruvius
457 655 598 698 Praef.
641 657 712 698 lib.
745 658 802 700 V1
844 673 885 712 p.
918 660 1000 700 146
1039 661 1366 700 commemorato
1405 656 1581 710 Epicuri

88 727 213 777 dicto,
232 742 380 782 pauca
396 730 622 781 fortunam
647 731 913 784 sapientibus
944 731 1143 780 tribuere,
1177 743 1285 784 quae
1314 733 1459 769 autem
1487 742 1580 771 ma-

84 800 204 840 xima
236 805 279 840 et
308 802 551 841 necessaria
581 802 672 841 sint
701 803 839 842 animi
868 804 1106 856 mentisque
1136 801 1474 854 cogitationibus
1501 814 1582 856 gu-

88 871 273 921 bernari,
304 872 480 912 eandem
510 873 760 913 sententiam
791 873 853 915 ab.
874 874 1059 915 Eucrate
1074 872 1284 931 Chionide
1300 872 1583 927 Aristophane

89 955 328 997 expressam
359 943 492 985 fuisse
523 943 638 984 dicit.

452 1274 1239 1335 MAGNES.

582 1382 716 1433 (Hist.
748 1384 838 1425 crit.
870 1398 912 1438 p.
928 1386 984 1425 20
1005 1385 1113 1437 sqq.)

475 1604 1210 1650 ΑΙΟΝΥΣΟΣ.

825 1735 857 1776 Ι.

255 1832 258 1833 ’
305 1815 403 1857 Καὶ
432 1814 576 1858 ταῦτα
603 1816 686 1874 μέν
713 1832 793 1874 μοι
821 1817 911 1859 τῶν
938 1816 1086 1860 κακῶν
1112 1814 1377 1875 παροψίδες.

213 1930 456 1974 Athenaeus
490 1933 548 1974 lx
578 1947 620 1987 p.
651 1935 734 1975 367
751 1933 790 1975 f:
820 1931 894 1974 ἐπὶ
924 1929 1104 1982 σκεύους
1134 1922 1214 1975 οὖν
1243 1932 1384 1988 εἴρηκε
1414 1933 1592 1985 (vocab.

99 2000 330 2056 παροψὶς)
367 1999 644 2059 Ἀντιφάνης
681 2002 888 2063 Βοιωτίῳ
925 2035 982 2043 --
1018 2008 1095 2049 καὶ
1132 2004 1156 2049 ὁ
1186 2004 1241 2047 τὰ
1271 2000 1332 2055 εἰς
1363 2000 1594 2059 Μάγνητα

101 2067 415 2128 ἀναφερόμενα
456 2072 648 2126 ποιήσας
687 2074 734 2116 ἐν
763 2074 963 2136 Διονύσῳ
1000 2075 1157 2137 πρώτῳ
1201 2078 1295 2119 Καὶ
1325 2075 1470 2117 ταῦτα
1499 2075 1592 2120 κτλ.

101 2143 304 2197 Apertum
337 2153 401 2188 est
432 2148 694 2190 Athenaeum
725 2149 832 2191 haec
868 2151 910 2192 in
944 2164 1039 2193 eum
1067 2165 1235 2194 sensum
1267 2151 1479 2204 accepisse
1509 2163 1593 2204 quo

105 2214 243 2257 Latini
274 2219 417 2259 dicunt
446 2219 651 2261 malorum
687 2221 929 2272 thesauros,
971 2225 1038 2264 cui
1082 2223 1421 2277 interpretationi
1451 2221 1595 2263 nescio

107 2298 159 2326 an
190 2290 353 2330 articuli
384 2303 483 2331 usus
515 2289 603 2330 τῶν
631 2290 778 2332 κακῶν
806 2298 1027 2348 repugnet.
1079 2295 1141 2336 lta
1171 2301 1288 2336 recte
1319 2294 1431 2335 dicas
1459 2288 1597 2341 ’Ἰλιὰς

105 2355 275 2409 κακῶν,
303 2359 450 2415 Λέρνη
491 2360 658 2413 κακῶν,
697 2358 918 2413 ἀγαθῖδες
948 2359 1167 2415 ἀγαθῶν,
1207 2379 1290 2406 non
1329 2366 1430 2405 item
1456 2359 1598 2413 Ἰλιὰς

106 2426 195 2468 τῶν
223 2430 370 2471 κακῶν
400 2438 478 2474 etc.
513 2434 658 2487 Itaque
686 2434 769 2475 hoc
799 2436 937 2488 potius
967 2435 1119 2478 dixisse
1148 2437 1358 2490 putandus
1389 2441 1466 2487 est,
1495 2441 1597 2478 sunt

107 2500 213 2542 haee
242 2502 447 2545 malorum
475 2519 661 2547 meorum
691 2506 1018 2548 additamenta:
1055 2509 1172 2560 quasi
1212 2509 1451 2563 germanice
1482 2509 1597 2551 dicas

106 2574 272 2614 meiner
307 2574 471 2617 Leiden
510 2576 888 2620 Nebenschosseln.
970 2580 1172 2621 Similiter
1209 2581 1413 2622 vocabulo
1453 2593 1599 2636 παρο-

41 2664 67 2688 0
107 2639 306 2702 φώνημα
342 2659 441 2689 usus
481 2654 545 2690 est
583 2650 818 2704 Aeschylus
857 2653 1003 2705 Agam.
1036 2652 1174 2693 1422:
1213 2647 1339 2701 εὐνῆς
1377 2647 1601 2708 παροψώ-

112 2723 232 2763 vnum
262 2715 340 2767 τῆς
370 2716 476 2772 ἐμῆς
500 2719 669 2775 χλιδῆς.
701 2723 793 2764 Nisi
823 2722 935 2763 forte
965 2718 1227 2778 παροψίδας
1254 2721 1401 2764 κακῶν
1421 2725 1600 2781 Magnes

115 2784 219 2829 dixit
243 2789 449 2835 malorum
476 2793 652 2847 solatia,
681 2798 754 2838 aut
781 2808 858 2851 pro
889 2790 1036 2836 κακῶν
1064 2795 1230 2850 scripsit
1261 2793 1432 2852 φακῶν.
