1786 3210
229 142 315 184 ooo
808 109 1149 182 ruarmcm'

943 252 995 294 V.

455 333 525 380 Σὺ
554 335 602 378 δὲ
629 331 899 392 τιμιοπώλης
925 331 985 385 ὥς
1011 331 1242 390 Ἀχιλλεὺς
1271 330 1371 375 οὐδὲ
1401 326 1476 384 εἷς.

341 423 491 466 Pollux
522 424 601 467 Vll
635 423 738 463 195:
776 410 863 461 εἶεν
902 418 952 461 δ’
983 415 1040 461 ἄν
1076 432 1190 469 τινες
1227 418 1303 460 καὶ
1340 416 1601 477 νεκροφόροι
1637 421 1714 462 καὶ

229 493 397 550 ταφεῖς.
456 490 512 533 τὰ
542 488 596 532 δ’
629 491 703 533 ἐπὶ
731 490 812 532 τοῦ
842 486 1118 547 πιπράσκειν,
1148 488 1270 532 ἔστιν
1298 484 1435 531 ειπεΐν
1463 488 1536 532 ἐπ’
1567 487 1715 532 αὐτῶν

229 562 281 606 τὸ
319 562 607 618 τιμιοπῶλαι,
650 559 871 618 εἰρηκότος
914 559 1139 617 Φρυνίχου
1179 561 1226 603 ἐν
1273 561 1525 619 Ίραγῳδοῖς
1559 560 1629 604 Σὺ
1666 562 1713 604 δὲ

229 631 499 691 τιμιοπιόλης
534 630 594 683 ὠς
630 630 856 688 Ἀχιλλεὺς
893 629 996 675 οὐδὲ
1037 626 1110 682 εἷς.
1169 633 1246 675 καὶ
1283 630 1311 684 ἡ
1354 632 1627 690 παμπρασία
1666 636 1713 676 δὲ

230 706 304 748 ἐπὶ
334 704 424 747 τῶν
453 700 602 747 πάντα
632 700 899 746 πωλούντων
927 703 1110 758 λέγεται.
1177 696 1225 747 ln
1266 706 1334 747 his
1365 706 1548 748 Pollucis
1588 708 1714 749 verba

228 774 283 818 τὰ
315 774 366 817 δ’
396 775 468 818 ἐπὶ
501 781 581 818 etc.
611 776 654 817 ln
687 777 803 816 librls
832 781 948 817 recte
977 777 1036 817 ita
1066 777 1322 818 scribuntur:
1353 772 1410 815 τὰ
1439 771 1490 816 δ’
1509 775 1582 817 ἐπὶ
1611 773 1715 818 τού-

227 862 322 897 τοις
359 844 448 889 ἀπὸ
488 842 874 900 τοῦπιπράσκειν.
936 843 1056 887 ἔστιν
1095 845 1142 886 δὲ
1181 841 1319 888 εἰπεῖν
1347 843 1423 888 ἐπ’
1455 844 1603 888 αὐτῶν
1631 854 1712 890 etc.

229 920 461 974 Phrynichi
497 932 664 959 versum
710 920 982 960 casaubonus
1036 919 1089 960 ad
1129 920 1282 961 Athen.
1313 919 1370 961 Vl
1401 933 1441 973 p.
1472 914 1610 962 229³.
1648 920 1714 961 in·

227 996 503 1045 terpretatur:
539 990 690 1030 Curius
721 990 868 1030 vendis
898 1003 1023 1044 quam
1054 990 1163 1030 ullus
1178 989 1384 1040 Achilles,
1415 990 1484 1043 qui
1514 990 1712 1032 Hectoris
1785 1000 1786 1014 ³

229 1074 382 1116 corpus
411 1062 579 1103 immani
608 1061 744 1115 pretio
778 1061 943 1103 Priamo
982 1061 1250 1111 vendiderat,
1289 1066 1337 1103 ut
1375 1066 1521 1104 notum
1559 1066 1622 1103 est
1662 1075 1714 1104 ex

228 1133 434 1175 Homero.
471 1133 633 1175 Eodem
659 1132 832 1186 respicit
862 1132 1050 1185 Diphilus
1080 1132 1215 1173 Merc.
1247 1145 1306 1174 vs.
1334 1133 1363 1173 7
1376 1146 1388 1173 ε
1416 1127 1606 1186 γόγγρον
1632 1133 1714 1185 μὲν

227 1196 376 1258 ὥσπερ
405 1199 429 1244 ὁ
460 1198 667 1258 Πρίαμος
695 1198 776 1241 τόν
797 1194 1008 1256 ”Εκτορα,
1037 1194 1148 1243 ὅσον
1176 1196 1384 1251 εἵλκυσεν,
1415 1200 1604 1243 τοσοῦτο
1632 1216 1714 1243 κα-

227 1270 394 1322 ταθεὶς
431 1268 665 1328 ἐπριάμην.
732 1272 931 1314 Aelianus
967 1273 1023 1314 H.
1063 1275 1114 1314 A.
1154 1272 1213 1315 v1
1252 1272 1332 1313 5⁰:
1371 1266 1476 1312 ἀλλ’
1514 1269 1592 1313 οὐκ
1629 1271 1720 1329 ἐρεῖ

226 1343 372 1387 ταῦτα
411 1339 435 1386 ὁ
475 1339 705 1398 Πρίαμος,
744 1340 829 1395 εἴγε
869 1341 946 1382 καὶ
985 1340 1145 1391 ἐκεῖνος
1179 1339 1261 1383 τὸν
1287 1334 1484 1398 “Ἐκτορα
1523 1340 1712 1386 ἐλύσατο

228 1413 406 1458 πολλῶν
435 1411 674 1469 κειμηλίων
702 1413 779 1454 καὶ
807 1412 1095 1467 θαυμαστῶν
1169 1418 1261 1459 Neo
1290 1417 1435 1458 dubito
1465 1416 1565 1469 quin
1594 1421 1712 1458 recte

229 1502 280 1532 eo
312 1501 394 1542 quo
418 1488 688 1529 Gasaubonus
705 1486 837 1526 voluit
866 1498 990 1527 sensu
1020 1487 1183 1540 legatur
1211 1482 1493 1542 τιμιοπώλης,
1522 1501 1600 1542 pro
1628 1501 1711 1542 quo

228 1560 453 1602 Salmasius
485 1558 651 1599 volebat
681 1552 990 1609 τυμβοπώλης.
1050 1557 1096 1598 In
1128 1557 1419 1611 langermanni
1448 1558 1594 1600 codice
1635 1570 1712 1599 το-

226 1625 456 1686 μιοπώλης
484 1628 683 1684 scriptum
716 1632 792 1670 est.
855 1628 901 1669 ln
932 1623 1075 1676 οὐδεὶς
1103 1628 1258 1683 aliquid
1287 1630 1375 1671 vitii
1404 1634 1611 1686 superest.

935 1751 1007 1794 Vl.

1147 1801 1314 1849 Αἰτίαν
1341 1805 1426 1864 ἔχει

455 1889 647 1950 πονηρὸς
675 1881 790 1938 εἶναι
819 1888 900 1942 τὴν
929 1890 1097 1946 τέχνην.
1423 1878 1425 1880 ,

342 1979 578 2022 Priscianus
609 1980 709 2020 lnst.
741 1979 923 2020 Gramm.
953 1980 1094 2023 xvffl
1124 1992 1167 2033 p.
1196 1980 1280 2021 246
1319 1979 1561 2021 ed.-Krehl.
1606 1979 1709 2028 „At-

228 2052 299 2092 tici
330 2047 523 2100 πονηρὸς
553 2048 634 2099 τὴν
664 2049 830 2102 τέχνην.
896 2047 1112 2103 Φρύνιχος
1146 2048 1398 2105 Τραγῳδοῖς
1427 2042 1594 2090 Αἰτίαν
1623 2044 1709 2100 ἔχει

226 2147 282 2155 -
313 2119 506 2174 τέχνην.”
537 2121 588 2162 V.
619 2121 729 2160 Hist.
761 2121 850 2160 crit.
884 2134 924 2173 p.
957 2121 1053 2161 159.
1114 2122 1176 2161 De
1206 2121 1388 2161 formula
1416 2112 1568 2158 αἰτίαν
1597 2114 1708 2171 ἔχειν

226 2193 322 2232 vide
375 2204 481 2244 quae
539 2204 664 2243 supra
712 2192 829 2230 attuli
869 2204 908 2242 p.
944 2191 1042 2233 337.
1125 2193 1251 2233 Aliud
1301 2197 1442 2233 tamen
1489 2191 1708 2242 scripsisse

227 2262 513 2316 Phrynichum
555 2263 678 2301 docet
718 2261 896 2301 Collatio
936 2263 1137 2315 Scaligeri
1177 2275 1282 2315 qnae
1319 2263 1424 2302 haec
1463 2262 1611 2302 habet:
1654 2254 1710 2298 ἂν

226 2331 389 2373 ἐκεῖνον
426 2329 452 2381 ἡ
485 2330 676 2386 πονηρὸς
705 2321 786 2370 εἶν’
819 2329 929 2389 άρνῆ
967 2331 1132 2385 τέχνην.
1199 2335 1262 2375 Ea
1300 2333 1480 2373 fortasse
1514 2333 1572 2373 sic
1610 2345 1709 2372 con-

226 2404 445 2445 formanda
475 2408 594 2452 sunt,
625 2400 703 2442 ἐὰν
733 2402 913 2442 ἐκεινονὶ
938 2403 943 2457 Ι
973 2401 1167 2457 πονηρὸν
1196 2394 1284 2442 εἶν’
1314 2398 1426 2460 ἀονῆ
1455 2401 1632 2457 τέχνην,
1669 2405 1711 2443 si

227 2476 358 2518 istum
387 2476 434 2515 in
464 2479 560 2515 arte
589 2487 666 2515 sua
695 2474 852 2515 malum
882 2489 971 2516 esse
998 2489 1141 2530 neges,

922 2588 1014 2628 VII.

341 2672 643 2713 Grammaticus
668 2672 846 2712 Bekkeri
864 2673 1076 2725 Anecd.p.
1094 2673 1190 2712 464.
1222 2665 1412 2722 Αὑξίς;
1442 2658 1558 2717 εἶδος
1588 2667 1703 2708 θυν-

228 2739 372 2794 νίδος,
421 2735 476 2792 ἢν
515 2754 627 2790 τινες
685 2738 902 2797 κορδύλην
936 2740 1123 2795 λέγουσι.
1195 2736 1411 2795 Φρύνιχος
1456 2737 1707 2798 Τραγῳδοῖς
