1786 3210
753 187 964 232 ΛΙΓΕΣ.
1501 190 1586 233 431

20 361 22 372 ἶ
97 307 200 354 ἀντὶ
238 306 320 349 τοῦ
357 307 456 363 περὶ
494 303 633 360 αιγῶν
669 303 827 354 λαλεῖς.
907 307 1024 358 Quae
1073 305 1270 358 leguntur
1313 306 1438 346 etiam
1478 305 1590 359 apud

47 420 51 425 A
95 381 266 425 Suidam
299 394 338 423 v.
370 375 594 433 αι’γιάζειν.
664 378 840 419 Videtur
880 381 1019 418 antem
1060 376 1134 417 ille
1170 375 1280 426 ruris
1311 375 1485 416 colonus
1515 388 1587 417 ru-

95 454 330 506 raliumque
361 465 534 507 operum
566 455 724 493 amator
755 451 808 491 ad
837 450 972 491 omnis
1002 447 1272 489 humanitatis
1315 459 1483 487 sensum
1514 460 1586 488 oc-

96 525 276 566 caluisse
306 529 348 565 et
378 538 431 566 ne
462 524 644 565 musicae
675 523 844 577 quidem
876 521 1010 562 fuisse
1038 524 1320 574 appetentem.
1391 517 1439 560 Id
1469 523 1585 561 certe

97 596 238 651 colligi
267 609 389 651 posse
421 596 584 637 videtur
615 608 665 637 ex
695 594 935 649 fragmento
965 591 1173 646 sequenti.

716 728 719 733 ’
756 719 808 759 Χ.
867 718 941 759 ΧΙ.

325 803 418 845 Καὶ
448 803 524 854 ζῆν
552 799 761 859 μαθόντι
788 802 901 858 μηδὲ
931 797 1087 857 τάγυρι
1114 798 1342 855 μουσικῆς.

215 919 392 960 Photius
423 933 462 972 p.
494 919 579 960 564
610 920 678 960 17.
731 913 920 973 Τάγυριε
970 914 1021 956 τὸ
1061 912 1342 971 βραχύτατον
1378 916 1456 957 καὶ
1490 911 1591 957 ἐλάα

93 1001 264 1044 χιστον,
296 981 394 1029 οἷον
426 986 540 1043 ψίχα
574 991 650 1044 (ita
682 990 870 1030 Pierson.
903 989 956 1030 ad
987 990 1155 1031 Moerin
1175 989 1314 1043 p.331
1347 1003 1424 1043 pro
1456 985 1593 1043 ψιλὰ)

98 1044 314 1114 λέγουᾶιν.
374 1056 573 1109 Εὔπολις
610 1056 744 1112 Αἰξίν
782 1059 877 1101 Καὶ
915 1058 993 1110 ζῆν
1027 1055 1231 1114 μαθόντι
1268 1059 1359 1100 κτλ.
1390 1074 1395 1080 ’
1428 1062 1590 1102 Eadem

98 1133 221 1187 plane
250 1132 400 1173 Suidas
430 1146 467 1173 v.
504 1127 683 1188 Τάγυρι.
745 1135 799 1174 At
831 1132 1012 1185 etymol.
1044 1134 1105 1174 Μ.
1136 1146 1178 1186 p.
1209 1132 1296 1173 743
1326 1132 1405 1172 57:
1441 1127 1592 1172 Εὔπο-

100 1201 166 1252 λις
196 1196 344 1254 Αἰξίν,
378 1199 603 1244 Μαθόντι
633 1201 680 1243 δὲ
708 1199 770 1258 μὴ
803 1198 959 1257 τάγυρι
986 1200 1215 1257 μουσικῆς.
1276 1203 1482 1244 Kusterus
1517 1203 1593 1244 καὶ

98 1272 191 1329 μὴν
218 1270 434 1328 μαθόντι,
510 1276 716 1329 Bergkius
747 1276 982 1316 Commeat.
1014 1290 1054 1329 p.
1085 1275 1170 1315 334
1206 1269 1343 1324 κάξῆν
1372 1269 1594 1326 μαθόντι.

99 1349 301 1389 Fortasse
338 1347 442 1387 illud
472 1345 546 1386 καὶ
576 1343 654 1395 ζῆν
684 1347 786 1387 nihil
826 1350 888 1387 est
920 1347 997 1387 nisi
1028 1349 1224 1399 corrupta
1262 1345 1388 1386 lectio
1420 1359 1595 1400 praece·

101 1420 239 1460 dentis
269 1411 400 1469 αἰξίν.
468 1418 656 1459 Tandem
688 1418 853 1459 videtur
881 1419 957 1458 ille
988 1418 1168 1458 rusticus
1199 1417 1427 1458 amicorum
1458 1419 1593 1460 moui-

100 1492 154 1532 tis
194 1490 502 1531 obsecundasse
545 1494 587 1530 et
638 1503 729 1530 cum
784 1491 1016 1530 litterarum
1065 1493 1153 1530 tum
1201 1489 1381 1530 musices
1417 1502 1592 1544 praece-

99 1568 264 1617 ptorem
295 1563 522 1603 admisisse.
585 1563 647 1602 Eo
680 1561 916 1602 referebam
948 1574 1055 1614 quae
1084 1560 1283 1613 leguntur
1313 1561 1423 1614 apud
1457 1562 1591 1615 Quiu-

101 1635 164 1676 til.
197 1635 296 1675 lust.
329 1634 346 1674 1
379 1635 433 1674 lo
467 1633 534 1673 17.
566 1633 731 1673 eosdem
760 1634 980 1687 utriusque
1009 1632 1229 1681 (musicam
1262 1639 1304 1673 et
1334 1633 1496 1674 litteras
1527 1633 1591 1674 di-

103 1706 179 1758 cit)
203 1710 502 1760 praeceptores
524 1706 667 1757 fuisse
698 1718 823 1758 quum
855 1703 1050 1758 Sophron
1078 1704 1267 1744 ostendit
1298 1729 1351 1735 —
1382 1709 1473 1745 tum
1500 1705 1594 1747 Eu-

96 1776 238 1831 polis,
278 1776 394 1831 apud
422 1789 540 1829 quem
572 1775 806 1816 Prodamus
845 1781 888 1816 et
926 1775 1132 1815 musicam
1167 1780 1210 1815 et
1249 1774 1419 1816 litteras
1455 1776 1594 1819 docet.

104 1851 221 1902 Quae
259 1848 309 1888 ad
348 1847 568 1900 Eupolidis
608 1847 799 1900 Capenas
837 1847 1049 1900 pertinere
1091 1860 1140 1886 ex
1180 1847 1423 1887 Theodosio
1463 1860 1503 1900 p.
1536 1848 1590 1889 ll

104 1920 227 1961 docui
256 1920 336 1959 iam
369 1918 467 1959 olim
499 1920 669 1971 Quaest.
701 1932 757 1959 sc.
791 1918 807 1958 1
839 1919 947 1972 p.41
982 1918 1069 1958 sive
1099 1918 1208 1960 Hist.
1243 1919 1335 1959 crit.
1354 1932 1396 1972 p.
1414 1920 1498 1962 114
1527 1933 1591 1975 sq.

104 1990 180 2033 crr
198 1990 384 2032 Crameri
414 1990 570 2031 Anecd.
588 1990 644 2032 1V
660 2003 700 2043 p.
718 1990 816 2030 325.
855 1989 1060 2030 Prodamz·
1087 1993 1226 2031 autem
1257 2004 1409 2033 nomen
1439 1994 1592 2035 merito

103 2063 147 2104 in
178 2063 264 2102 vitii
295 2061 572 2114 suspicionem
615 2063 775 2102 vocavit
806 2061 888 2101 Th.
922 2061 1124 2114 Bergkius
1156 2063 1390 2105 Comment.
1420 2077 1462 2117 p.
1494 2065 1592 2114 335,

105 2134 177 2187 qui
215 2134 276 2173 ini
313 2133 539 2173 Prodicum
578 2133 914 2174 substituendum
954 2146 1047 2173 esse
1095 2135 1342 2187 suspicatur.
1419 2136 1592 2177 Rectius

107 2203 286 2246 fortasse
317 2204 538 2244 Mauritius
570 2205 759 2258 Horsstg,
791 2205 938 2244 doctus
976 2204 1159 2255 iuvenis,
1198 2206 1400 2246 Pronomi
1440 2220 1589 2248 nomen

109 2275 396 2329 reponendum
436 2275 628 2324 coniicit,
672 2288 793 2328 quem
827 2276 1049 2315 Alcibiadis
1089 2279 1130 2316 in
1163 2284 1252 2316 arte
1283 2278 1438 2319 musica
1469 2292 1590 2332 prae-

108 2350 321 2401 ceptorem
352 2345 483 2386 fuisse
514 2351 675 2386 constat
704 2359 753 2386 ex
786 2346 998 2387 Athenaeo
1033 2347 1086 2387 lv
1120 2362 1160 2401 p.
1194 2349 1275 2389 184
1293 2349 1332 2390 d.

359 2550 472 2607 Ἐγώ
507 2552 615 2593 τελῶ
644 2552 723 2594 τὸν
753 2554 930 2609 μισθὸν
960 2549 1100 2596 ὅντιν’
1134 2551 1190 2595 ἂν
1214 2555 1311 2614 χρῇ.

223 2667 395 2718 Suidns,
437 2663 560 2722 Χρήε
606 2665 845 2719 ὀξυτόνως,
884 2665 1020 2722 ἤ)ουν
1051 2669 1127 2710 δεῖ.
1182 2668 1266 2727 χρῇ
1297 2669 1342 2711 δὲ
1373 2684 1594 2726 περισπω-

112 2737 251 2789 μένως·
281 2736 330 2778 τὸ
361 2734 667 2782 ὑποτακτικὸν.
706 2740 914 2794 σημαίνει
945 2740 991 2781 δὲ
1022 2739 1072 2781 τὸ
1103 2740 1191 2797 δέῃ.
1237 2738 1431 2791 Εὔπολις
1460 2738 1593 2795 Αἰξίν

111 2803 223 2861 Ἐγώ
255 2806 361 2848 τελῶ
389 2809 479 2853 κτλ.
541 2812 660 2854 Haec
690 2813 742 2854 ad
773 2814 1010 2855 mercedem
1042 2815 1304 2868 praeceptori
1334 2816 1396 2857 issi
1426 2816 1591 2857 solven-
