1786 3210
696 169 968 217 ΧΕΙΡΩΝ.
1472 174 1557 216 831

80 292 162 343 'que
191 292 344 344 poetae
373 289 597 331 dictionem
629 303 653 331 a
682 290 910 343 Myrmecis
940 287 1088 328 semita
1118 279 1386 339 (Μύρμηκος
1415 282 1560 343 ἀτρα-

39 365 41 367 ’
78 354 213 412 πός),
252 373 375 413 quam
405 361 642 414 Hesychiu·
679 364 722 400 et
752 360 928 400 Photius
968 359 1010 399 in
1042 357 1410 398 Scambonidarum
1448 372 1558 413 pago

78 430 212 472 fuisse
255 431 417 481 dicunt,
462 431 733 484 repetendam
776 444 869 471 esse
918 429 1114 470 affirmet.
1195 430 1288 481 Ego
1331 441 1432 468 vero
1476 442 1560 471 non

79 505 216 542 rectae
247 506 290 541 et
319 501 530 554 simplices
559 502 634 542 sed
663 502 854 542 sinuosas
886 501 1108 553 multisque
1137 499 1379 552 ambagibus
1407 498 1562 541 fractas

79 572 348 613 formicarum
377 572 464 611 vias
495 584 587 612 ease
618 572 890 613 credideram.
963 573 1109 624 Neque
1141 583 1383 624 graecarum
1413 570 1561 611 formi-

81 656 222 684 carum
258 643 378 683 aliam
417 641 548 682 fuisse
579 655 701 695 quam
727 648 963 685 nostrarum
1001 648 1190 683 naturam
1222 642 1377 682 docere
1407 645 1560 694 potest,

80 714 117 754 ai
145 714 218 754 tali
247 713 486 753 testimonio
517 727 622 767 opus
653 720 739 764 est,
778 714 978 755 Aelianus
1009 714 1065 753 Η.
1097 715 1146 754 Α.
1178 713 1235 754 Vl
1265 713 1347 753 43:
1384 707 1562 767 μυρμή-

78 794 168 824 κων
208 781 255 822 gv
290 780 504 839 γεωρυχίᾳ
544 781 746 831 ποικίλας
786 796 831 822 τε
872 780 1098 836 ἀτραποὺς
1133 782 1209 823 καὶ
1247 779 1449 836 ἑλιγμοὺς
1485 782 1563 824 καὶ

80 848 312 907 περιόδους
353 866 694 895 commemorans.
761 854 851 895 Nec
892 854 1146 894 omittendus
1175 856 1433 906 formicinus
1460 869 1562 909 gra-

81 926 161 966 dus
190 924 301 978 apud
334 925 525 965 Plautum
557 916 823 966 Menaechm.
854 924 891 967 V
920 925 947 964 3
980 925 1046 965 12.
1106 926 1205 966 Fuit
1234 927 1362 980 igitur
1391 916 1564 980 prover-

80 996 195 1036 bium
232 990 473 1048 μυρμήκων
511 991 709 1050 ἀτραπὸς
739 997 1023 1049 formicarum
1060 998 1240 1047 semita,
1281 1010 1363 1051 quo
1400 999 1564 1039 Aristo-

79 1066 239 1120 phanes
268 1067 325 1106 ita
355 1078 454 1107 usus
485 1069 568 1116 est,
608 1071 655 1107 ut
692 1080 808 1106 more
848 1079 924 1106 suo
965 1067 1005 1107 in
1037 1068 1232 1120 ambiguo
1262 1068 1412 1109 ludens
1441 1069 1564 1109 simul

81 1137 195 1178 illam
240 1131 487 1192 Μύρμηκος
525 1134 727 1200 ἀτραπὸν
763 1137 1085 1190 adsignificat-et.
1155 1139 1253 1179 Alia
1295 1139 1565 1180 Pherecratei

82 1208 167 1249 loci
206 1208 336 1258 ratio,
386 1208 428 1249 in
474 1222 556 1262 quo
602 1203 726 1263 ᾄδειν
771 1205 1042 1261 μυρμηκιὰςΔ
1065 1208 1169 1248 nihil
1207 1209 1322 1250 aliud
1359 1209 1567 1263 significat

84 1291 207 1332 quam
237 1279 453 1319 cantillare
481 1280 662 1332 aliquid,
705 1280 816 1332 quod
847 1284 1021 1332 propter
1049 1279 1338 1320 incredibilem
1368 1292 1567 1322 sonorum

83 1348 325 1390 varietatem
366 1354 409 1390 et
445 1351 705 1410 celeritatem
742 1351 1012 1391 formicarum
1047 1350 1158 1390 ultro
1189 1351 1378 1403 citroque
1407 1351 1568 1392 discur-

84 1421 268 1461 rentium
299 1420 616 1463 similitudinem
646 1421 818 1462 referat.
848 1445 904 1452 -—
934 1421 1006 1463 Vs.
1025 1421 1095 1461 24.
1128 1421 1214 1461 Iam
1246 1422 1357 1462 enim
1388 1435 1439 1462 eo
1469 1434 1568 1476 per,-

83 1495 252 1532 ventnm
284 1495 374 1532 erat
402 1495 449 1532 ut
479 1493 626 1533 musici
654 1492 695 1532 in
727 1491 987 1532 modulandis
1016 1492 1269 1533 carminibus
1299 1493 1430 1534 nullis
1462 1507 1568 1546 poe·

84 1566 218 1603 tarum
238 1564 471 1616 praeceptis
501 1567 764 1615 regerentur,
795 1563 870 1604 sed
901 1575 976 1603 suo
1008 1564 1146 1604 omnia
1177 1562 1348 1606 arbitrio
1379 1569 1568 1618 agerent.

88 1633 150 1675 lta
187 1631 280 1675 fe‘re
316 1634 422 1675 haec
459 1634 664 1675 intellexit
706 1634 831 1674 etiam
872 1634 1144 1675 Heinrichius
1185 1635 1214 1676 l.
1241 1635 1272 1678 1.
1307 1649 1348 1690 p.
1371 1637 1472 1677 2⁰0.
1511 1660 1570 1669 ——

90 1705 163 1747 Va.
201 1704 258 1745 25
315 1698 658 1759 wyttenbachius
704 1699 896 1745 ἀπέδυσε
937 1702 1159 1746 κάνέδυσε.
1235 1707 1422 1759 Quorum
1465 1707 1572 1749 illud

87 1775 364 1825 verissimum,
393 1771 574 1815 ἀνέλυσε
595 1782 731 1817 autem
754 1781 877 1817 recte.
894 1777 1105 1818 Iacobsius
1127 1781 1269 1818 tuetur
1284 1791 1406 1819 versu
1425 1779 1586 1831 quinto>

85 1843 400 1901 χαλαρωτέραν
426 1843 618 1896 ἐποίησε.
655 1848 735 1887 Pro
768 1841 938 1887 δώδεκα
956 1849 1097 1888 nescio
1129 1862 1179 1889 an
1211 1846 1362 1888 ἕνδεκα
1384 1850 1572 1892 scriben-

90 1918 189 1960 dum
219 1919 286 1959 ait.
343 1918 620 1960 Nicomachus
649 1919 742 1960 loco
772 1932 896 1972 supra
926 1933 967 1972 p.
984 1920 1068 1960 327
1098 1921 1245 1962 allato:
1290 1915 1520 1973 Τιμόθεος
1546 1915 1572 1961 ὁ
1637 1908 1639 1911 V

91 1983 319 2038 Μιλήσιος
348 1985 430 2038 τὴν
458 1985 693 2039 ἑνδεκάτην
717 1987 885 2045 χορδὴν
915 1988 1133 2044 προσῆψε.
1188 1993 1327 2045 Atque
1358 1992 1418 2032 ita
1448 1978 1578 2033 etiam

89 2061 133 2102 iu
174 2061 330 2102 celebri
376 2061 449 2102 illo
487 2062 912 2103 Lacedaemoniorum
961 2062 1132 2103 decreto
1181 2063 1292 2116 apud
1332 2063 1573 2105 Boethium.

89 2131 143 2174 V.
184 2133 360 2174 casaub.
397 2133 452 2173 ad
487 2133 641 2175 Athen.
674 2134 774 2175 Vlll
809 2147 850 2187 p.
882 2134 967 2174 352
983 2147 1019 2175 a.
1101 2135 1185 2176 Sed
1237 2134 1344 2175 haec
1382 2148 1483 2175 sane
1522 2136 1574 2176 ab

66 2256 69 2260 s
93 2202 185 2243 aliia
213 2202 336 2244 aliter
362 2204 469 2244 tradi
497 2209 740 2257 potuerunt.
810 2206 971 2246 Plinius
1002 2206 1169 2258 quidem
1202 2206 1472 2246 Timotheum
1498 2219 1575 2246 no-

91 2286 192 2314 nam
230 2273 429 2315 chordam
465 2275 667 2316 adiecisse
705 2275 830 2315 tradit
870 2267 926 2316 Η.
967 2277 1019 2316 Ν.
1059 2277 1137 2318 Vll
1176 2277 1246 2317 56.
1326 2277 1427 2316 Post
1466 2278 1576 2319 hunc

92 2356 258 2386 versum
288 2349 519 2398 sequuntur
547 2347 657 2399 apud
683 2347 950 2387 Plutarchum
982 2346 1108 2387 haec.
1138 2345 1214 2386 καὶ
1241 2340 1576 2424 Ἀριστοφάνης

93 2413 117 2459 ὁ
157 2413 346 2469 κωμικὸς
379 2413 643 2470 μνημονεύει
678 2415 944 2467 Φιλοξένου,
983 2414 1058 2457 καί
1096 2430 1235 2472 φησιν
1273 2409 1343 2458 ὅτι
1383 2413 1443 2465 εἰς
1474 2430 1574 2466 τους

92 2483 292 2536 κυκλίους
328 2484 487 2543 χοροὺς
527 2486 637 2542 μέλη
681 2482 974 2540 εισηνὲ)κατο.
1050 2484 1074 2538 ἡ
1118 2487 1163 2528 δὲ
1207 2488 1415 2539 ,Μουσικη
1463 2489 1574 2542 λέγει

96 2558 259 2600 ταῦτα·

263 2625 548 2684 ἐξαρμονίους
578 2626 896 2685 ὑπερβολαίους
912 2626 966 2671 ’τ’
999 2627 1206 2679 ἀνοσίους

263 2699 339 2740 καὶ
369 2696 610 2757 νιγλάρους,
638 2694 786 2757 ὥσπερ
816 2715 858 2742 τε
892 2698 970 2751 τὰς
998 2698 1227 2760 ῥαφάνους
1258 2696 1368 2754 ὅλην

264 2765 474 2825 κάμπτων
502 2786 555 2827 με
586 2772 902 2827 κατεμέστωσε.
