1786 3210
431 168 482 237 ᾼ
491 163 841 215 ΥΤοΛϊΚοΣ·
854 160 922 215 ΛΞ·
940 163 1070 206 -ΚΑΙ
1088 162 1161 208 B'.
1447 168 1534 215 44³

60 287 266 339 Corrupto
296 283 427 326 schol.
457 284 670 338 Aristoph.
701 283 798 324 Pac.
831 280 943 320 1164
981 275 1123 335 αὐτὰρ
1146 284 1189 320 et
1218 274 1446 335 φύτευμα,
1487 287 1535 324 ut

54 358 204 400 Suidas
235 370 273 398 v.
293 353 494 410 φιτῦσαι,
524 356 595 395 ubi
627 355 751 395 etiam
780 346 936 391 καινόν
966 351 1008 391 in
1032 348 1162 390 κενὸν
1185 357 1426 405 corruptum
1458 360 1534 396 est.

50 428 240 480 Denique
251 430 389 480 Etym.
403 427 557 468 M.7⁰5
574 427 648 467 33:
669 422 720 464 τὸ
735 422 930 476 γέννημα
949 421 1068 475 φῖτυ,
1087 417 1284 469 Εὔπολις
1294 419 1535 482 Αὐτολύκῳ

51 493 220 551 ἤγαγε
249 493 445 538 καινὸν
475 496 617 551 φῖτυ.
680 497 817 537 Locus
849 495 900 534 de
931 495 1122 548 Leogora
1151 495 1342 548 (Fragm.
1371 495 1423 536 X.
1453 496 1536 548 XI)

52 569 352 624 inteliigendus
392 569 577 619 videtur,
618 567 689 621 qui
727 571 774 607 ut
812 566 894 606 hoc
929 565 1023 606 loco
1055 565 1183 606 boves
1213 566 1272 606 ita
1301 566 1411 619 apud
1441 567 1537 608 Ari-

54 642 194 695 stoph.
225 641 335 682 Nub.
367 640 450 679 109
490 639 711 693 phasianus
742 638 856 678 aiere
895 636 1059 678 dicitnr.
1128 638 1213 678 Sed
1255 638 1307 678 de
1344 637 1426 678 hoc
1463 638 1537 678 ad-

53 713 214 754 monuit
244 712 369 752 etiam
401 712 604 764 Bergkius
638 711 870 751 Comment.
901 723 942 763 p.
975 708 1074 750 345.
1144 708 1244 749 Post
1279 705 1435 748 καινὸν
1465 709 1538 750 ad-

55 783 140 823 didi
171 777 224 822 τὸ
253 786 480 835 praeeunte
512 782 714 823 Elmsleio
745 781 856 834 apud
885 779 1194 821 Biomfieldium
1224 781 1351 834 gloss.
1383 780 1537 822 Aesch.

55 854 197 895 Prom.
237 854 336 895 241.
410 853 624 894 Porsonus
674 853 841 907 scripsit
877 847 1034 892 καινὸν
1071 847 1122 891 τὸ
1161 850 1288 907 φῖτυ,
1334 852 1538 906 Bergkius

57 921 213 967 καινόν
240 937 286 978 γε
319 922 438 979 φῖτυ.

764 1064 837 1106 ΙΧ.

226 1171 414 1225 Ἀνεκάς
443 1172 486 1216 τ’
516 1171 664 1231 ἐπήρω
693 1176 769 1217 καὶ
799 1174 1009 1231 βδελυρὸς
1039 1173 1096 1217 σὺ
1126 1172 1176 1217 τὸ
1207 1176 1370 1227 σκέλος.

169 1321 334 1370 Suidas,
359 1313 570 1366 Ἀνεκὰςε
601 1316 745 1371 ψιλῶς
774 1317 825 1359 τὸ
854 1314 947 1359 ἄνω
977 1319 1165 1373 λέγονσι.
1211 1319 1286 1361 καὶ
1316 1316 1541 1362 ἀνέκαθεν

57 1389 109 1433 τὸ
152 1388 345 1432 ἄνωθεν.
420 1384 616 1437 Εὔπολις
659 1385 901 1447 Αὐτολύκῳ
944 1386 1134 1440 Ἀνεκάς
1176 1386 1224 1431 τ’
1257 1387 1403 1448 ἐπήρω
1449 1391 1540 1434 κτλ.

58 1464 359 1506 Grammaticus
400 1462 530 1503 Bekk.
568 1463 727 1504 Anecd.
767 1477 807 1516 p.
839 1464 923 1508 395
953 1465 1023 1505 25.
1067 1459 1263 1512 Εὔπολις
1298 1459 1541 1521 Αὐτολύκῳ

58 1531 235 1579 ἕκαστ’
284 1527 516 1585 ἑπαίρω,
555 1534 707 1574 ceteris
738 1535 913 1575 omissis.
974 1536 1253 1578 Probabiliter
1283 1535 1437 1577 Portus
1466 1534 1543 1576 ἐπ-

55 1603 161 1665 ήρω.
218 1605 304 1648 Sed
334 1608 552 1659 praeterea
581 1605 721 1645 nescio
752 1619 803 1646 an
835 1606 1062 1659 legendum
1092 1607 1160 1648 sit:

268 1670 422 1722 ἀνεκάς
451 1670 499 1714 τ’
528 1669 674 1730 ἐπήρω
703 1669 1038 1731 κὰβδελυρεύσω
1069 1674 1120 1719 τὸ
1151 1675 1315 1726 σκέλος.

61 1749 147 1791 Ubi
177 1748 288 1801 qnod
318 1739 651 1799 κᾶβδελυρεύσω
681 1747 819 1789 medio
850 1748 943 1788 loco
973 1750 1083 1791 inter
1112 1743 1258 1804 ἐπήρω
1294 1752 1336 1789 et
1365 1742 1416 1787 τὸ
1448 1743 1545 1787 σκέ-

60 1818 135 1868 λος
174 1818 468 1872 interpositum
500 1822 587 1867 est,
621 1818 667 1858 id
695 1818 800 1858 nihil
839 1819 1086 1861 insolentiae
1129 1821 1269 1863 habet.
1328 1819 1546 1860 Simillima

59 1891 306 1932 traiectione
345 1891 569 1944 Euripides
602 1890 718 1942 Cycl.
751 1890 860 1930 121:
901 1888 1133 1947 σπείρουσι
1175 1887 1228 1930 δ’
1258 1884 1287 1941 ἢ
1327 1887 1387 1947 τῷ
1425 1887 1544 1940 ζῶσι,

59 1956 291 2015 Δήμητρος
329 1958 515 2015 στάχυν;
585 1962 778 2015 Thucyd.
812 1962 868 2004 Vl
900 1964 976 2004 68:
1017 1958 1141 2003 ἔσται
1181 1958 1205 2002 ὁ
1235 1958 1353 2015 ἁγών
1382 1989 1438 1995 —
1468 1957 1547 2001 οὐκ

63 2029 112 2072 ἐν
141 2028 336 2085 πατρίδι,
368 2029 412 2083 ἐξ
442 2023 493 2082 ἧς
522 2032 697 2087 κρατεῖν
728 2030 799 2072 δεῖ
821 2027 850 2083 ἢ
878 2030 941 2087 μὴ
973 2030 1139 2090 ῥᾳδίως
1167 2030 1421 2089 ἀποχωρεῖν.
1454 2033 1548 2075 Atia

60 2104 156 2145 vide
192 2104 301 2157 apud
331 2105 588 2145 Lobeckium
624 2105 676 2144 ad
707 2105 837 2157 Soph.
876 2106 990 2146 Aiac.
1023 2121 1063 2160 p.
1095 2107 1192 2147 268.
1260 2107 1400 2149 Verbo
1444 2101 1547 2158 βδε-

62 2168 299 2227 λυρεύομαι
344 2188 442 2216 usus
495 2179 559 2216 est
594 2177 809 2221 Demo-tu.
855 2177 909 2216 de
946 2177 1061 2218 foed.
1103 2179 1222 2219 Alex.
1263 2192 1304 2231 p.
1335 2177 1422 2216 214
1461 2176 1542 2216 24:

64 2240 250 2297 πότερον
280 2241 556 2298 πειθώμεθα
588 2245 678 2293 τοῖς
705 2246 867 2294 κοινοῖς
898 2241 1356 2303 προστάγμασιν-ἢ
1387 2244 1549 2299 βδελυ-

64 2310 266 2369 ρεύσεταί
311 2328 377 2364 τις
425 2312 478 2356 οὐ
511 2310 721 2370 φάσκων,·
782 2317 995 2370 Improbat
1040 2320 1208 2371 quidem
1255 2319 1362 2359 hanc
1401 2331 1547 2359 vocem

64 2387 242 2428 Photius
272 2386 376 2427 Bibl.
408 2387 492 2427 265
522 2402 562 2441 p.
593 2387 674 2427 401
708 2387 787 2427 27:
825 2383 910 2440 ἔχει
950 2401 993 2427 τι
1030 2389 1104 2429 καὶ
1145 2387 1232 2429 τῶν
1265 2385 1320 2428 οὐ
1346 2383 1549 2441 λογάδων

65 2455 246 2511 φωνῶν,
282 2449 431 2511 ὥσπερ
459 2455 510 2497 τὸ
540 2454 802 2506 νεόπλουτος
830 2457 906 2497 καὶ
945 2456 995 2499 τὸ
1025 2456 1392 2515 βὸελυρεὺεσθαι,
1460 2460 1547 2501 Sed

63 2533 110 2570 ut
138 2522 423 2579 νεόπλουτος,
459 2542 542 2582 qno
574 2521 768 2571 cratinus
807 2535 848 2569 et
881 2531 1182 2585 Aristophanes
1223 2533 1287 2573 usi
1326 2536 1443 2581 sunt,
1467 2531 1546 2571 jn·

67 2599 171 2641 iuria
208 2601 365 2650 reiicit,
403 2601 460 2640 ita
502 2614 580 2641 nec
619 2602 796 2643 alterum
835 2602 937 2641 illud
975 2617 998 2643 a
1029 2605 1255 2657 proborum
1296 2603 1545 2656 scriptorum

69 2680 147 2711 um
175 2670 352 2712 alienum
384 2673 638 2713 censendum
668 2677 744 2713 est.
814 2674 1010 2715 Ceterum
1044 2676 1177 2729 possis
1208 2676 1354 2725 etiam,
1391 2668 1546 2720 ἀνεκὰς

70 2732 112 2778 τ’
145 2737 336 2795 ἐπαίρεις
364 2742 440 2783 καὶ
470 2740 717 2800 βδελυρεύει
748 2742 797 2785 τὸ
827 2744 990 2793 σκέλος.
