1786 3210
217 194 300 246 156
557 214 560 216 -
842 188 1077 231 cltATlNl

215 307 436 349 Falluntur
473 310 612 347 autem
650 305 722 357 qui
760 302 994 344 Socraticos
1042 301 1124 340 hoc
1164 300 1256 341 loco
1295 301 1409 354 carpi
1449 300 1694 352 existimant,

216 390 420 445 quorum
421 377 625 417 rationem
656 375 722 415 vel
754 373 1001 413 scholiastae
1026 372 1150 411 verba
1181 375 1394 413 evertunt:
1425 368 1619 412 τοιοῦτοι
1649 369 1696 412 δὲ
1765 378 1768 383 ’

215 447 310 488 καὶ
345 446 389 487 οἱ
402 431 680 502 Σωκράτους
710 437 853 499 ὅρκοι,
892 443 1041 495 quibus
1078 443 1119 483 in
1162 443 1408 483 contrariam
1448 444 1696 484 sententiam

215 520 368 561 abusus
410 522 473 559 est
502 517 715 557 Hanovius
745 517 894 556 Exere.
928 515 945 554 Ι
976 528 1017 567 p.
1048 514 1118 554 59.
1187 514 1330 566 ltaque
1370 514 1422 554 de
1460 515 1695 567 antiquissi-

215 603 378 632 morum
415 588 630 628 hominum
668 587 824 640 pictate
864 586 1057 626 Cratinus
1094 585 1209 637 loqui
1248 568 1455 638 putandus
1494 589 1579 635 est,
1626 586 1696 638 qui

215 675 270 702 ne
299 662 569 700 abuterentur
601 658 776 698 deorum
810 658 978 697 nomine
1009 656 1169 708 quidvis
1199 657 1338 708 potius
1367 669 1489 708 quam
1523 657 1696 697 deorum
1766 643 1768 647 ‚

214 744 367 774 numen
388 729 712 770 attestabantur.
770 728 858 770 Cfr.
891 728 1169 769 Philostratus
1183 728 1233 768 V.
1252 728 1444 779 Apollon.
1463 729 1522 770 V1
1539 742 1580 781 p.
1596 728 1694 769 291.

214 804 277 844 De
314 800 659 842 Rhadamantheo
706 800 981 840 iurerurando
1019 813 1056 841 V.
1098 798 1336 851 Menagium
1382 798 1434 839 ad
1464 799 1694 852 Diogenem
1771 835 1775 839 .

213 874 352 914 Laert.
386 872 424 912 11
453 872 510 911 40
541 875 582 911 et
613 872 695 912 Th.
726 872 952 924 Bergkium
981 872 1216 912 Commeat.
1246 883 1288 922 p.
1306 869 1404 919 233,
1436 870 1507 922 qui
1538 869 1697 911 Cratini
1767 867 1770 868 ⁷

213 945 360 993 verba,
400 955 506 995 quae
538 956 612 983 sua
642 948 791 996 sponte
822 944 874 983 ad
903 943 1100 984 iambicos
1131 946 1395 982 tetrametros
1427 946 1606 992 coeunt,
1644 955 1696 983 ex
1779 943 1786 958 ¹

214 1015 382 1056 chorico
412 1015 596 1061 carmine
624 1015 756 1068 petita
785 1019 828 1055 et
856 1016 913 1055 ita
944 1014 1218 1055 describenda
1248 1014 1414 1054 statuit:

1029 1075 1148 1139 σῗσιν
1177 1073 1234 1134 ἦν
1261 1083 1468 1138 μέγιστος

268 1149 396 1211 ὅρκος
426 1147 594 1196 ἅπαντι
621 1150 736 1211 λόγῳ
764 1150 892 1204 κύων,
925 1151 1076 1195 ἔπειτα
1100 1150 1198 1209 χήν,
1230 1152 1369 1204 θεοὺς
1398 1150 1453 1195 δ’
1485 1151 1656 1208 ἐσίγων.

211 1230 426 1270 Bekkerus
456 1231 595 1268 autem
627 1231 670 1268 et
689 1228 901 1268 Por-sonus
932 1229 1142 1268 trimetros
1172 1229 1370 1268 iambicos
1399 1229 1694 1270 restituerunt:

437 1289 505 1346 οἷς
535 1286 590 1347 ἦν
617 1296 821 1352 μέγιστος
851 1290 977 1352 ὅρκος
1006 1290 1172 1338 ἅπαντι
1201 1292 1314 1353 λόγῳ
1343 1293 1472 1348 κύων,

439 1365 589 1410 ἔπειτα
614 1364 723 1423 χήν·
758 1366 897 1417 θεοὺς
928 1364 976 1408 δ’
1009 1365 1182 1422 ἐσίγων.

211 1444 399 1495 Quorum
430 1453 626 1482 versuum
656 1441 815 1494 primus
847 1442 950 1483 adeo
982 1440 1206 1482 debilitatis
1236 1441 1419 1481 numeris
1450 1443 1618 1493 incedit,
1648 1446 1694 1484 ut

211 1526 362 1568 graeco
393 1517 517 1566 poeta
548 1512 671 1565 plane
700 1511 895 1565 indignus
925 1512 991 1552 sit.
1070 1514 1134 1552 Ex
1173 1511 1303 1563 lyrico
1336 1513 1519 1555 carmine
1558 1515 1594 1555 si
1622 1514 1694 1555 illa

215 1586 340 1626 ducta
372 1588 484 1633 sunt,
514 1584 670 1624 rectius
701 1582 881 1624 fortasse
910 1583 967 1623 ita
998 1584 1329 1623 constituuntur:
1771 1599 1782 1631 ,³

495 1645 562 1701 οἷς
591 1642 647 1703 ἦν
674 1653 881 1707 μέγιστος
910 1646 1037 1709 ὅρκος
1066 1647 1232 1693 ἅπαντι
1262 1648 1376 1709 λόγῳ
1768 1647 1770 1650 ’

494 1720 623 1773 κύων,
641 1721 806 1777 ἔπειτα
830 1721 936 1779 χήν·
968 1721 1106 1773 θεοὺς
1137 1718 1189 1764 δ’
1221 1721 1393 1777 ἐσίγων.

211 1800 399 1851 Quorum
429 1797 510 1838 hoc
539 1798 707 1839 schema
736 1799 822 1837 est:

535 1878 639 1897 ——l
818 1877 924 1896 -·-·Ι

553 1910 1343 1951 v-v-v--vv—vv—

532 1981 642 1999 ——l
823 1980 927 1998 —l
1199 1979 1301 2003 Ιυ

551 2012 1393 2041 υ-υ-υ-υ--υ--,

211 2078 330 2130 Quae
359 2073 457 2114 satis
487 2073 638 2114 usitata
668 2078 731 2113 est
761 2085 1029 2114 numerorum
1061 2072 1326 2113 consociatio.
1393 2072 1531 2123 Atque
1559 2071 1618 2111 ita
1646 2074 1692 2112 ut
1765 2053 1779 2081 '³-

211 2159 322 2189 nunc
357 2146 478 2185 video
529 2144 658 2185 voluit
705 2144 828 2184 etiam
867 2143 1131 2183 Gaisfordius
1178 2143 1230 2183 ad
1280 2143 1511 2195 Ilephaest
1549 2157 1590 2195 p.
1622 2143 1690 2184 17.

211 2188 386 2260 Latine,
395 2216 577 2255 reddidit
599 2215 768 2255 Grotius
786 2216 886 2254 Exe.
903 2227 944 2267 p.
958 2215 1057 2254 493.
1122 2213 1249 2264 Quez's
1279 2214 1573 2255 iusiurandum
1601 2227 1691 2254 ma-

208 2290 370 2330 ximum
405 2288 453 2326 in
489 2301 534 2328 re
572 2284 761 2340 qualibet
795 2285 923 2326 Canis
963 2291 1027 2326 est
1066 2290 1110 2326 et
1149 2298 1297 2325 anser:
1339 2298 1438 2344 qzam
1478 2285 1578 2326 deos
1607 2298 1692 2326 non

210 2363 470 2414 nuncupant.

177 2460 198 2475 ³
892 2449 926 2488 X
934 2448 950 2487 Ι
957 2448 986 2488 Ι.

1084 2526 1177 2580 Τὴν
1205 2526 1425 2583 μουσικὴν

349 2615 614 2673 άκορέστους
644 2614 867 2673 ἐπιφέρειν
896 2611 1030 2670 ὀργὰς
1060 2614 1234 2670 βροτοῖς
1266 2610 1507 2669 σώφροσιν.

325 2720 557 2762 Scholiasta
593 2710 853 2773 Thucydidis
878 2720 979 2762 vu!
1009 2719 1090 2760 83:
1123 2715 1173 2758 τὸ
1202 2716 1424 2772 ἐπιᾳέρειν
1453 2712 1590 2770 ὀργὴν
1618 2714 1691 2757 ἐπὶ
1761 2768 1763 2771 v

206 2789 288 2835 ,τοῦ
312 2787 581 2846 χαρίζεσθαι
609 2790 685 2831 καὶ
714 2790 950 2848 συγχωρεῖν
980 2786 1163 2831 ἔταττον
1193 2789 1237 2831 οἱ»
1275 2785 1463 2846 ἀρχαῖοι.
1522 2783 1689 2845 μάρτυς
