1786 3210
549 165 858 210 Em’omms
886 161 1100 206 ΛΙΓΕΣ.
1500 165 1587 207 427

100 294 192 331 tea:
241 279 509 337 Boozdffleff
548 274 656 331 ὕλης
693 277 780 321 ἀπὸ
819 274 1111 327 παντοδαπῆς
1149 281 1229 318 etc.
1307 278 1414 319 Sunt
1461 279 1590 333 igitur

105 358 228 400 chori
258 358 397 406 verba,
428 369 477 396 ex
507 355 695 408 parabasi
726 353 870 407 petita.
929 353 1159 405 Caprarum
1192 350 1303 390 hunc
1334 351 1508 391 chorum
1537 350 1590 391 ab

102 429 312 483 Eupolide
342 422 687 483 προβατικὸν
713 421 886 478 χορὸν
917 423 1171 477 appellatum
1203 435 1296 462 esse
1321 421 1445 461 docet
1468 421 1592 462 scho-

102 501 248 542 liastes
276 501 396 543 Iliad.
414 494 454 538 π’
475 499 587 538 353:
618 492 826 550 πρόβατα
858 492 940 549 γὰρ
972 489 1118 533 πάντα
1148 488 1332 533 ἐκάλουν
1361 487 1418 531 τὰ
1446 489 1593 547 θρέμ-

103 584 229 624 ματα
259 569 301 610 οἱ
331 565 531 619 παλαιοί,
562 563 846 614 καὶΕὗπολις
877 562 1237 619 προβατικόν
1262 558 1427 619 χορόν
1457 574 1597 617 φησι

106 640 206 683 τὸν
255 640 311 693 ἐξ
355 635 540 702 αι’χῶν,
612 643 729 694 Quae
774 641 971 693 leguntur
1015 640 1140 679 etiam
1180 637 1289 691 apud
1330 635 1598 677 Eustachium

108 729 150 769 p.
169 715 279 755 1063
309 714 378 754 44.
419 714 567 754 Latine
597 713 736 753 locum
766 711 950 752 reddidit
981 710 1152 750 Grotius
1184 708 1402 762 Excerptis
1432 721 1475 761 p.
1491 707 1598 748 498:

173 786 304 827 Varia
336 800 388 827 ea·
416 786 527 826 silva
557 786 729 839 capitur
756 784 877 824 nobis
909 783 1027 824 abies
1058 782 1188 831 cibus,
1220 781 1410 829 arbatus,
1440 779 1542 829 ilex,

168 871 345 912 quarum
375 858 496 899 dulce
527 862 591 897 est
621 869 794 910 carpere
823 868 987 895 ramos.-
1021 868 1148 908 ευμεν
1184 854 1287 894 haec
1324 856 1424 893 sunt
1461 851 1602 893 altera

974 927 1109 975 nobis,

170 1001 342 1053 cytisus,
374 1000 502 1041 lentis
533 1000 636 1041 bene
664 1003 816 1054 gratus
846 998 961 1048 odor,
991 998 1147 1038 smilax
1167 996 1295 1050 foliis
1326 999 1520 1044 onerata,

167 1070 339 1121 hedera,
365 1071 570 1122 albucum,
588 1084 776 1126 quercus,
793 1073 923 1124 ficus,
947 1069 1163 1118 lentiscus,
1186 1067 1394 1121 thymbra,
1411 1065 1607 1114 oleaster,

172 1144 332 1197 spinas,
349 1145 570 1196 fraxinus,
594 1148 723 1197 atque
748 1144 918 1196 myrice,
942 1155 1035 1182 cum
1051 1140 1250 1181 verbasco
1266 1140 1423 1192 thyma,
1439 1139 1606 1179 cistm.

117 1212 190 1255 Vs.
222 1213 246 1254 1
288 1214 426 1267 tetigit
456 1216 643 1268 Scaliger
686 1215 737 1255 ad
769 1216 888 1256 Varr.
920 1214 967 1254 L.
999 1214 1047 1254 L.
1081 1213 1138 1255 lV
1168 1226 1209 1266 p.
1241 1212 1295 1252 66
1326 1212 1419 1265 Bip.
1451 1222 1610 1252 memo-

115 1284 208 1326 riae
237 1298 382 1326 errore
413 1287 613 1327 exhibens
642 1282 932 1334 παντοδαπῆς
964 1279 1068 1325 ἄπο.
1109 1311 1164 1316 -
1205 1285 1276 1326 Vs.
1308 1285 1335 1324 2
1376 1283 1611 1324 scribebam

122 1356 220 1397 olim
252 1358 375 1398 Curis
406 1358 496 1398 crit.
528 1371 568 1411 p.
599 1357 669 1398 58.
709 1356 784 1397 καὶ
819 1355 928 1411 πρὸς
958 1351 1182 1396 τούτοισιν
1213 1350 1275 1395 ἔτ’
1307 1349 1444 1403 ἄλλα,
1475 1354 1612 1395 eiecto

123 1418 235 1478 οἷον,
267 1431 434 1469 nescius
466 1434 553 1471 tum
584 1430 695 1470 idem
718 1430 928 1483 placuisse
948 1429 1109 1469 Grotio.
1170 1427 1321 1470 Verior
1351 1427 1516 1467 videtur
1529 1424 1614 1467 Th.

122 1500 295 1553 Bergkii
326 1501 558 1541 Comment.
589 1514 630 1553 p.
665 1501 746 1541 199
779 1502 1042 1551 coniectura,
1079 1498 1156 1539 καὶ
1195 1495 1303 1552 πρὸς
1340 1493 1514 1546 τούτοις
1551 1509 1615 1537 τι-

125 1565 378 1622 θύμαλλον.
442 1573 619 1614 Videtur
649 1576 786 1613 tamen
818 1573 930 1613 aliud
961 1573 1058 1625 quid
1088 1572 1234 1612 latere.
1296 1571 1418 1624 Apud
1450 1570 1616 1611 Plutar-

126 1642 269 1693 chum,
297 1644 340 1684 in
372 1644 521 1685 Aldina
552 1645 733 1697 quidem,
766 1658 815 1685 ex
845 1645 927 1685 illis
960 1640 1024 1684 ἔτ’
1058 1638 1160 1683 ἄλλ’
1195 1635 1305 1694 οἷυν,
1336 1642 1501 1683 nonnisi
1530 1641 1617 1696 pri-

130 1727 197 1755 ma
227 1715 367 1755 littera
396 1713 416 1754 ἐ
446 1722 673 1769 comparet.
715 1742 770 1748 -
810 1717 882 1758 Vs.
913 1718 941 1757 3
979 1717 1105 1770 vulgo
1135 1711 1317 1755 κυτὶσου
1345 1709 1391 1753 τ”
1419 1709 1496 1762 ἠδὲ
1527 1705 1621 1768 φά-

132 1797 260 1836 σκον,
299 1788 409 1840 quod
440 1789 619 1828 correxit
651 1788 844 1829 Bodaeus
875 1789 1086 1842 Stapelius
1117 1789 1169 1828 ad
1200 1786 1419 1840 Theophr.
1450 1799 1492 1839 p.
1519 1785 1621 1836 409,

132 1857 338 1898 indicatus
376 1871 399 1897 a
442 1859 650 1899 Lobeckio
694 1860 745 1899 ad
786 1860 943 1913 Phryn.
983 1874 1023 1913 p.
1056 1860 1153 1900 110.
1227 1859 1289 1898 De
1327 1851 1483 1912 σφάκῳ
1525 1856 1623 1896 vide

132 1930 347 1983 Aristoph.
387 1930 559 1972 Thesm.
597 1931 695 1972 486.
757 1932 916 1972 Cratini
960 1931 1128 1985 Fragm.
1167 1931 1246 1971 inc.
1288 1929 1372 1970 fab.
1414 1927 1623 1970 CXXXV.

135 2001 283 2043 Alexin
315 2001 521 2043 Athenaei
551 2017 592 2056 p.
627 2004 711 2044 170
728 2003 765 2044 b.
797 2007 840 2042 et
872 2002 1032 2044 Polluc.
1067 2003 1124 2045 vl
1155 2003 1223 2043 66.
1283 2002 1345 2042 De
1374 1995 1449 2049 ἠδὲ
1479 1999 1626 2040 simili-

138 2072 300 2125 busque
340 2072 488 2114 formis
519 2075 651 2128 epicis
680 2075 722 2115 in
755 2072 944 2118 versibus
975 2074 1248 2127 anapaesticis
1279 2073 1534 2113 comicorum
1564 2069 1629 2111 cfr

139 2144 191 2185 ad
221 2144 378 2186 Cratini
407 2144 557 2199 fragm.
590 2159 632 2199 p.
662 2147 734 2188 77.
804 2147 915 2187 Tum
955 2146 1175 2187 articulum
1215 2149 1311 2186 ante
1342 2137 1629 2197 πολύφυλλον

142 2216 281 2257 omisit
318 2217 581 2259 Plutarchus.
657 2218 739 2259 Pro
778 2214 975 2269 σμίλακα
1013 2218 1170 2258 rectius
1212 2216 1393 2256 fortasse
1436 2213 1632 2255 scribitur

142 2282 324 2340 μίλακα,
354 2292 399 2328 ut
428 2288 558 2328 voluit
591 2288 835 2330 Runkelius.
895 2289 945 2330 V.
964 2288 1189 2328 Elmsleius
1219 2287 1271 2327 ad
1302 2285 1449 2339 Eun-ip.
1478 2284 1631 2326 Bacch.

147 2359 232 2399 108
262 2363 305 2398 et
334 2358 574 2400 Dindorfius
604 2361 655 2400 ad
687 2360 900 2413 Aristoph.
930 2359 1040 2400 Nub.
1070 2359 1196 2399 1007.
1243 2384 1297 2391 —
1343 2359 1410 2399 Vs.
1445 2357 1472 2397 4
1521 2356 1634 2411 apud

146 2429 417 2471 Plutarchum
459 2432 515 2472 ita
554 2431 733 2485 legitur:
768 2426 946 2470 κότινον
980 2428 1132 2484 σχῖνον
1159 2426 1319 2482 μελίαν
1349 2426 1457 2482 δρῦν
1486 2424 1635 2469 κιττὸν

146 2494 348 2554 μὺρίκην.
417 2503 678 2544 Macrobius:
716 2499 892 2544 κότινον
929 2502 1081 2555 σχῖνον
1121 2499 1280 2555 μελίαν
1309 2497 1473 2551 πεύκην
1502 2495 1637 2540 ἁλίαν

151 2569 258 2627 δρῦν
300 2569 452 2612 κιττὸν
493 2570 672 2629 ἐρείκην.
741 2575 909 2617 Adscivi
946 2575 1050 2624 hoc,
1089 2575 1166 2614 nisi
1206 2574 1316 2626 quod
1356 2587 1431 2626 pro
1473 2567 1638 2623 πεύκην

154 2643 300 2697 scripsi
339 2641 497 2695 συκῆν,
535 2648 645 2699 quod
677 2660 727 2687 ex
756 2647 936 2700 antiquis
967 2646 1173 2687 Macrobii
1204 2645 1509 2698 exemplaribus
1540 2658 1638 2699 pro-

157 2711 242 2753 fert
270 2715 512 2769 Leopardus
543 2718 721 2759 Emend.
756 2719 855 2760 vlu
888 2720 955 2759 10.
1023 2719 1079 2759 Et
1117 2717 1245 2757 habet
1274 2717 1330 2757 ita
1361 2717 1638 2771 I-lervagiana.

161 2783 292 2825 Pinea
320 2784 472 2828 fronde
500 2801 583 2830 non
615 2794 839 2830 vescuntur
869 2802 1034 2843 caprae.
1095 2789 1178 2830 Pro
1207 2784 1359 2839 ἁλίαν,
1391 2787 1505 2843 quod
1531 2787 1641 2832 Her-
