1786 3210
224 159 307 200 20⁰
756 150 1162 193 PHERECRA'HS
1191 174 1198 177 »

222 263 434 316 πατάλοις
464 260 622 312 “’()στις
657 261 805 312 αὐτοῖς
845 261 1067 318 παρέδωκε
1106 261 1197 303 κτλ.
1269 263 1461 303 Correxit
1491 263 1702 304 Pomanus

222 340 361 380 Prael’.
394 341 499 379 Hec.
532 352 571 389 p.
596 336 789 377 XLVlll.
851 335 994 387 ltaque
1024 334 1278 386 Aeschylum
1307 334 1348 372 in
1375 333 1452 375 hac
1481 333 1624 374 fabula
1651 346 1702 374 ex

1717 0 1778 146 ἓ

1764 142 1777 168 ’ὁ

1733 183 1777 225 ἑ

222 410 367 452 inferis
406 410 626 449 cxcitatum
670 411 711 444 et
752 405 899 444 merita
929 418 1003 445 sua
1036 404 1089 444 de
1120 404 1237 456 poesi
1268 405 1424 456 tragica
1456 404 1699 456 praedican-

223 486 306 522 tem
335 482 554 522 induxerat
586 477 874 515 Pherecrates.
943 476 1079 517 Huius
1111 475 1344 528 exemplum
1374 480 1520 527 postea
1549 486 1700 526 sequu-

223 556 289 591 tus
322 556 383 589 est
413 547 726 598 Aristophanes.
788 546 851 586 Ad
883 545 1058 587 eandem
1087 546 1212 587 huius
1242 547 1409 587 fabulae
1439 558 1608 586 scenam
1634 557 1701 584 re-

222 621 453 661 vocandum
485 630 576 656 esse
609 616 781 666 coniicio
812 615 1093 668 fragmentum
1124 619 1276 658 omisso
1307 616 1548 658 comoediae
1578 616 1699 655 titulo

223 695 434 730 servatum
468 688 517 725 ab
550 686 667 727 Aelio
699 687 898 738 Dionysio
930 687 1138 727 Eustathii
1169 688 1220 727 ad
1252 688 1401 741 Odyss.
1431 687 1599 740 p.1369
1630 686 1700 726 43.

221 754 432 804 Δάπιδεςς
466 751 705 810 στρώματα
738 751 865 798 ἄττα.
931 755 1226 813 Φερεκράτης·

272 825 330 868 ‘0
355 824 491 882 χορὸς
528 822 574 864 δ’
609 823 757 874 αὐτοῖς
788 816 899 881 εἶχεν
930 824 1123 876 δάπιδας
1152 825 1351 884 ρυπαρὰς
1378 826 1454 868 καὶ
1493 839 1700 882 στρωμα-

1009 894 1219 954 τόδεσμα.

218 972 369 1011 Editur
401 965 856 1023 στρωματοδέσματα.
917 971 1120 1012 Existimo
1152 977 1291 1012 autem
1319 971 1426 1011 haec
1456 971 1508 1010 de
1540 970 1703 1010 comico<

220 1040 492 1093 antiquiorum
523 1044 740 1092 poetarum
784 1041 912 1080 choro
951 1042 1223 1096 intelligenda
1263 1056 1376 1091 esse,
1418 1053 1541 1094 quem
1571 1053 1698 1101 quum

219 1112 394 1152 sordidis
434 1111 627 1163 stragulis
665 1111 854 1151 indutum
899 1113 1021 1163 dicit,
1061 1114 1202 1154 nescio
1240 1102 1290 1154 an
1321 1104 1507 1153 veterem'
1538 1123 1698 1151 morem

218 1183 379 1231 innuat,
418 1194 498 1233 quo
530 1186 786 1234 spectatores
826 1183 1038 1224 choreutis
1077 1198 1123 1224 re
1155 1186 1261 1224 bene
1291 1189 1410 1237 gesta
1438 1186 1576 1224 vestes
1614 1181 1698 1223 cal·

173 1250 184 1264 ⁴
218 1266 313 1293 ceos
345 1257 386 1292 et
422 1253 500 1292 alia
531 1253 573 1292 id
603 1266 735 1305 genus
767 1255 940 1306 praemii
974 1254 1067 1295 loco
1099 1255 1321 1295 donabant.
1386 1254 1578 1295 Eundem
1609 1265 1698 1293 mo-

216 1336 303 1362 rem
343 1324 383 1362 in
418 1323 705 1375 Olympiorum
738 1326 940 1364 catamine
972 1326 1202 1366 obtinuisse
1243 1326 1365 1365 docet
1394 1323 1698 1365 Eratosthenes

216 1394 449 1445 chronogr.
481 1407 521 1445 p.
552 1394 636 1432 248
667 1394 847 1434 Bernh.:
887 1393 957 1435 ἐπὶ
988 1395 1080 1443 τοῖς
1110 1393 1335 1450 ἐπιφανῶς
1363 1390 1697 1453 ᾇγωνιζομὲνοις

214 1458 517 1517 προβάλλουσι
547 1460 683 1511 ζώνας
706 1463 875 1503 πέταλα
901 1463 1190 1519 χιτωνίσκους
1220 1461 1436 1513 πετάσους
1464 1464 1694 1520 κρηπῖδας.

215 1535 281 1574 De
315 1534 482 1573 comicis
525 1539 663 1573 autem
708 1535 975 1578 histrionibus
1016 1538 1275 1578 luculentum
1305 1537 1504 1578 habemus
1535 1538 1695 1579 Aristo-

214 1605 363 1657 phanis
394 1604 732 1644 testominonium
763 1606 1060 1647 Pherecratem
1100 1609 1321 1649 manifesto
1359 1608 1555 1648 imitantis
1586 1609 1695 1661 apud

213 1677 476 1717 Athenaeum
509 1675 546 1714 ll
577 1689 617 1727 p.
649 1676 765 1716 5721:
808 1669 878 1715 ὅτι
919 1673 970 1716 δ’
999 1670 1114 1717 οὕτω
1151 1677 1228 1726 τὰς
1265 1676 1519 1735 ῥαφανῖδας
1555 1678 1695 1733 εἴρηκε

216 1743 351 1795 δῆλον
386 1739 723 1798 Αριστοᾳιὲνης
761 1748 882 1787 ποιεῖ
914 1747 1015 1804 περὶ
1056 1747 1133 1799 τῆς
1173 1745 1379 1800 τοιαύτης
1407 1747 1695 1806 αρχαιότητος

215 1817 420 1869 (priscam
452 1816 711 1857 comoediae
722 1818 1027 1871 simplicitatem
1060 1821 1188 1873 dicit)
1216 1818 1263 1860 ἐυ
1290 1820 1485 1890 Δαναΐσι
1513 1817 1696 1878 γράφων

214 1886 288 1926 καὶ
319 1883 452 1933 αὐτὸς
482 1885 556 1925 καὶ
586 1885 660 1937 λε’)
668 1899 727 1925 ωι
756 1902 759 1910 s

266 1951 324 1995 ‘O
355 1955 486 2011 χορὸς
525 1953 574 1995 δ
605 1953 775 2010 ω’ρχεῖτ
809 1952 864 1996 αν
901 1956 1180 2014 ἐναψάμενος
1221 1958 1414 2010 δάπιδας
1443 1961 1518 2002 καὶ
1549 1976 1689 2018 στρω-

1001 2027 1279 2085 ματόὸεσμα,

271 2093 633 2150 διαμασχαλίσας
671 2092 808 2138 αὑτὸν
847 2099 1042 2153 σχελίσιν
1079 2103 1152 2142 καὶ
1196 2099 1387 2158 ([ύσκαις
1425 2102 1497 2143 καὶ
1538 2105 1689 2159 ῥαφα-

1000 2185 1127 2214 νισιν.

213 2238 372 2288 Quibus
404 2238 539 2278 verbis
576 2239 781 2282 indicatur
821 2241 942 2282 etiam
974 2246 1074 2285 varii
1103 2246 1269 2298 generis
1300 2246 1450 2285 cibaria
1480 2248 1688 2298 spectato-

211 2320 279 2347 res
309 2309 349 2347 in
381 2309 602 2348 choreutas
634 2312 872 2360 contulisse,
907 2315 1017 2365 quod
1038 2320 1184 2367 postea
1215 2317 1417 2370 choragos
1446 2315 1596 2357 fecisse
1623 2317 1687 2357 in-

210 2378 413 2431 telligitur
445 2391 492 2417 ex
526 2380 748 2420 Plutarcho
781 2382 833 2420 de
864 2383 969 2433 glor.
1002 2386 1154 2426 Athen.
1185 2401 1226 2440 1).
1258 2388 1408 2427 349a:
1447 2385 1490 2426 οἱ
1529 2384 1574 2426 δὲ
1610 2398 1686 2440 χο·

210 2447 335 2500 ρηγοὶ
373 2446 464 2493 τοῖς
498 2450 728 2502 χορευταῖς
766 2448 955 2516 ἐρχέλεια
993 2455 1067 2494 καὶ
1106 2454 1327 2509 θριδάκια
1374 2456 1448 2495 καὶ
1485 2453 1686 2504 σκελιδας

209 2530 284 2555 και
320 2515 482 2569 μυελοι
520 2518 848 2571 παρατιθεντες
885 2507 1072 2575 adalgoz&
1110 2524 1182 2565 ἐπὶ
1223 2523 1362 2566 πολὺν
1391 2521 1552 2580 χρόνον
1591 2540 1685 2581 φω-

209 2586 532 2638 νασκουμένους
573 2588 649 2627 καὶ
688 2587 958 2643 τρυφῶντας.
1026 2596 1089 2634 Ex
1127 2609 1207 2647 quo
1249 2610 1364 2636 more
1395 2597 1684 2648 explicandum

208 2657 318 2709 quod
350 2670 399 2719 ex
429 2660 581 2698 veteris
606 2661 844 2700 comoediae
875 2667 999 2714 poeta
1028 2667 1207 2706 servavit
1234 2659 1417 2719 Etymol.
1449 2668 1510 2708 Μ.
1541 2669 1682 2722 ρι788

206 2727 275 2767 88.
319 2723 630 2781 (Ραρυγίνὸηντ
672 2725 731 2777 αἱς
769 2727 1051 2787 ἅριστίνὸηυ,
1091 2730 1361 2785 σκώπτοντες
1391 2734 1473 2787 τὴν
1502 2750 1680 2794 γαστρι-
