1786 3210
250 175 335 217 496
839 177 1147 222 EUPoLmts

250 290 418 331 Hemst.
450 290 577 343 p.·86.
608 285 928 344 παραπλήσιόν
956 292 1002 332 τέ
1033 305 1107 334 σοι
1136 292 1380 346 γέγραπται
1409 291 1622 340 τᾶπιπλα.
1655 299 1744 342 Sed

220 354 567 415 ’παραπλήσιον
598 360 780 404 Pollucis
810 376 921 414 esse,
949 366 1134 418 quamvis
1163 365 1397 407 Fritzschio
1419 368 1589 420 Quaest.
1611 371 1739 412 Arist.

251 431 271 473 1
301 445 343 486 p.
357 431 414 472 55
442 436 718 486 repugnante,
750 434 967 477 verissime
995 436 1194 477 iudicavit
1223 437 1439 479 Hanovius
1470 440 1618 482 Exere.
1648 442 1740 484 crit.

251 504 270 545 1
300 517 344 558 p.
375 504 472 543 141.
511 504 583 556 qui
623 517 720 544 vasa
750 507 965 546 recenseri
995 509 1236 561 scriptoque
1267 510 1501 563 consignari
1531 515 1648 552 recte
1677 513 1740 553 vi-

249 575 373 616 detur
401 574 673 632 intellexisse.
743 577 893 629 Agitur
924 578 1059 628 enim,
1091 579 1133 618 ni
1163 579 1271 619 fallit
1301 583 1529 632 sententia,
1560 583 1614 623 de
1644 582 1742 624 Cal-

248 647 330 687 liae
361 645 623 699 supellectile
654 646 904 699 domestica,
946 662 1068 702 quam
1109 655 1388 693 assentatores
1428 654 1539 694 inter
1569 667 1615 695 se
1645 668 1742 708 par-

248 719 421 758 tiuntur.
483 717 529 757 ln
570 718 703 767 vasis,
749 731 926 771 quorum
967 726 1189 762 recensum
1225 723 1267 762 in
1312 724 1387 773 iis,
1432 738 1539 777 quae
1580 726 1743 768 omissit

247 789 418 838 Pollux,
463 788 694 829 exhibitum
735 789 868 831 fuisse
910 793 1126 844 probabile
1167 797 1254 842 est,
1296 793 1428 835 fuisse
1467 797 1662 838 videntur
1692 810 1742 839 ea

249 872 356 914 quae
385 860 429 901 in
459 861 730 913 sequentibus
761 861 1007 917 fragmentis
1039 870 1430 907 commemorantur.

819 1002 919 1044 XXI
951 1031 1005 1036 ——
1036 1004 1190 1047 XXIV.

362 1085 511 1126 Pollux
543 1086 623 1128 V11
655 1087 762 1128 192:
801 1085 1038 1144 Σοφοκλῆς
1076 1086 1125 1131 δ’
1160 1088 1246 1146 ἔφη
1286 1083 1537 1147 λινορραφῆ
1576 1091 1739 1136 τυλεῖα.

246 1151 441 1204 Εὔπολις
473 1153 519 1195 δὲ
552 1151 727 1209 Κόλαξι
764 1156 1112 1217 κεκρύφαλοί
1148 1175 1203 1202 τε
1241 1162 1351 1204 καὶΔ
1375 1158 1522 1213 πύλη.
1594 1166 1740 1207 Codex

248 1229 461 1282 Iungerm.
504 1223 685 1270 τύλαι.
758 1231 876 1272 ldem
907 1233 946 1273 X
976 1235 1054 1275 39:
1094 1231 1149 1273 τὰ
1178 1236 1259 1288 μὲν
1289 1223 1370 1274 οὗν
1401 1233 1550 1275 wasta
1579 1235 1656 1276 καὶ
1685 1231 1741 1276 τὰ

244 1297 446 1354 κνέφαλα
477 1294 528 1338 οὐ
556 1293 697 1353 μόνον
727 1298 850 1356 παρὰ
881 1302 972 1352 τοῖς
1001 1304 1231 1361 κωμῳδοῖς
1260 1305 1403 1358 ἐστιν,
1438 1302 1552 1346 ἀλλὰ
1587 1306 1664 1349 καὶ
1692 1306 1740 1349 ἐν

246 1367 557 1426 Δημοπράτοις
588 1371 826 1433 πέπραται,
856 1374 1079 1431 κνέφαλον
1110 1375 1264 1419 καινὸν
1293 1378 1369 1418 καὶ
1398 1377 1622 1434 κνέφαλον
1650 1394 1738 1420 πα-

248 1442 391 1484 zazou.
453 1441 531 1482 καὶ
567 1440 762 1484 rusleta
800 1448 921 1497 (cod.
954 1449 1180 1492 Falckenb.
1219 1445 1383 1503 τύλη)
1422 1448 1468 1490 δὲ
1509 1448 1617 1506 παρ’
1649 1448 1735 1492 Εὕ-

246 1511 400 1557 πόλιδί
430 1512 551 1555 ἐστιν
583 1510 747 1565 ι’άζοντι
785 1515 832 1556 ἐν
872 1519 962 1566 τοῖς
996 1516 1198 1573 Κόλαξι,“
1229 1522 1303 1562 καὶ
1339 1518 1461 1576 παρὰ
1497 1520 1558 1578 τῷ
1584 1521 1740 1579 Σοφο-

244 1586 340 1629 κλεῖ
364 1585 411 1626 ἐν
441 1584 502 1642 τῷ
529 1582 693 1627 Ἰοκλεῖ
720 1590 759 1641 *)
790 1587 973 1641 λέγοντι,
1001 1586 1148 1647 Ἀλλὰ
1178 1593 1252 1633 καὶ
1284 1591 1532 1649 λινορραφῆ
1563 1592 1727 1637 τυλεῑα.

251 1656 372 1709 Τύλη
412 1659 573 1700 culcita
612 1674 635 1700 a
673 1662 830 1702 severis
871 1663 984 1703 attici
1023 1666 1228 1706 sermonis
1269 1666 1477 1719 magistris
1526 1667 1730 1719 reiicitur,

245 1745 409 1787 proque
441 1744 491 1771 eo
523 1734 594 1770 aut
624 1728 795 1771 τυλεῖον
826 1738 899 1773 aut
928 1733 1179 1789 κνέφαλλον
1209 1737 1430 1778 dicendum
1459 1737 1734 1791 praecipiunt.

244 1805 297 1847 V.
330 1804 613 1857 Phrynichum
645 1804 736 1845 Ecl.
766 1817 806 1857 p.
825 1805 908 1845 173
939 1809 981 1846 et
1011 1807 1271 1861 l-lesychium
1302 1822 1339 1849 v.
1370 1805 1604 1862 κνέᾳάλον.
1644 1811 1736 1852 Nec

246 1876 421 1929 deliquit
461 1880 604 1916 contra
641 1864 839 1928 Eupolis,
890 1877 961 1930 qui
999 1892 1081 1919 non
1121 1893 1365 1932 germanum
1405 1882 1609 1932 Atticum,
1658 1882 1735 1924 sed

246 1948 434 1988 Ionicum
464 1946 678 1987 hominem
711 1960 760 1987 eo
803 1949 1005 1989 vocabulo
1046 1954 1232 1991 utentem
1270 1951 1509 1992 induxerat:
1549 1953 1660 2006 quod
1697 1954 1734 1995 si

244 2019 317 2060 ille
348 2019 429 2058 hac
460 2031 543 2059 una
573 2019 615 2059 in
645 2018 786 2059 fabula
815 2019 930 2070 fecit,
963 2021 1084 2061 etiam
1117 2023 1284 2075 Fragm.
1313 2023 1394 2064 inc.
1424 2022 1510 2063 fab.
1539 2024 1631 2067 XV.
1671 2020 1733 2078 μὴ

243 2085 401 2144 τρηχὺς
431 2085 536 2127 ἴσθι
573 2089 625 2144 ad
655 2089 906 2130 Adulatores
947 2091 1216 2132 referendum
1256 2093 1347 2134 erit.
1414 2094 1555 2135 Homo
1593 2098 1733 2137 autem

243 2162 316 2201 ille
347 2173 470 2213 quem
500 2160 637 2199 ionice
666 2160 909 2212 loquentem
948 2161 1108 2202 induxit
1139 2164 1335 2221 Eupolis,
1373 2164 1554 2205 fortasse
1585 2166 1732 2208 Prota-

243 2245 367 2287 goras
396 2230 490 2272 fuit.
552 2232 749 2272 Ceterum
781 2232 816 2272 si
846 2232 972 2273 verba
1002 2229 1342 2288 κεκρύφαλοί
1371 2247 1424 2274 τε
1453 2235 1548 2276 καὶ
1571 2231 1732 2278 vivam
1785 2241 1786 2293 ζ

243 2305 285 2345 in
324 2305 410 2343 fine
450 2303 604 2343 senarii
644 2303 778 2356 posita
816 2303 988 2344 fuerunt
1028 2307 1128 2355 (nec
1167 2307 1246 2347 erit
1283 2308 1353 2359 qui
1392 2308 1513 2348 aliter
1542 2311 1729 2363 statuat),
1785 2313 1786 2343 ἶ

244 2380 435 2428 apertum
467 2379 532 2415 est
563 2369 694 2423 τύλη,
734 2375 910 2427 perinde
943 2379 988 2415 ut
1018 2379 1240 2429 cognatum
1270 2374 1421 2429 τύλος,
1459 2380 1731 2433 penultimam

244 2446 354 2499 apud
392 2445 646 2497 antiquiores
677 2449 822 2498 poetas
862 2447 1135 2500 corripuisse,
1175 2450 1435 2502 sequioribus
1475 2464 1565 2492 eam
1603 2452 1728 2505 sylla-
1785 2450 1786 2453 ’

244 2518 338 2558 bam
377 2516 718 2570 producentibus.
787 2517 835 2556 In
875 2518 1023 2558 eodem
1061 2520 1314 2561 domesticae
1357 2522 1629 2574 supellectilis
1658 2535 1725 2562 re-

245 2601 372 2628 censu
402 2587 535 2628 fuisse
566 2586 757 2626 videntur
785 2583 1132 2640 μολύβδινοι
1161 2587 1484 2644 κρατεῡταί,
1513 2604 1617 2645 quos
1645 2592 1726 2633 hac

242 2660 333 2713 ipsa
364 2672 414 2699 ex
443 2658 584 2699 fabula
624 2662 920 2700 commemorat
950 2660 1099 2700 Pollux
1130 2661 1167 2702 X
1199 2663 1277 2702 97:
1315 2657 1507 2710 Εὔπολις
1547 2661 1593 2702 ἐν
1635 2663 1736 2712 τοῖς

338 2802 370 2846 ·)
395 2803 563 2838 Fortasse
584 2802 622 2837 '1
621 2803 708 2848 οβάτ
711 2818 745 2851 ῃ,
