1786 3210
734 151 887 197 AHM
889 149 966 196 01.
1495 159 1583 204 (ὃς)

205 266 440 309 Scholiasta
470 267 683 322 Aristoph.
715 267 995 310 Acharn.529
1026 267 1082 309 de
1112 267 1287 310 Periclis
1318 270 1581 325 eloquentiae

92 331 287 385 Εὔπολις
337 334 502 392 Δήμοις
557 334 807 392 Κράτιστος
847 328 976 387 οὗτος
1027 365 1083 373 —-
1138 339 1229 387 τοῖς
1273 335 1582 395 ἀκροωμένοις.

93 410 327 453 Scholiasta
366 410 558 453 Aristidis
600 411 680 452 vol.
721 411 782 451 111
823 424 864 464 p.
894 411 980 452 472
1022 411 1144 453 Dind.
1184 412 1246 464 (p.
1281 412 1363 454 174
1393 415 1581 468 From.)=

92 476 289 530 ,Εὔπολις
325 479 372 522 ἐν
410 484 499 530 τοῖς
536 477 702 536 Δήμοις
737 481 1014 535 μεμνημένος
1054 479 1134 522 τοῦ
1163 480 1431 537 Περικλέους
1467 485 1582 540 φησὶ

93 551 196 601 τοὺς
225 548 415 606 ἰάμβους
450 545 589 604 Οὗτος
619 549 851 609 κράτισῒος
881 580 935 585 -
965 551 1039 594 ἐπὶ
1070 553 1160 603 τοῖς
1184 550 1390 608 χείλεσιν.
1437 556 1583 600 Latine

93 627 219 668 vertit
247 627 418 669 Grotius
449 627 670 681 Excerptis
699 640 740 680 p.
772 626 881 668 4992
1222 675 1235 691 Γ

262 696 378 742 Nam
409 699 519 740 celer
547 703 597 739 ut
626 711 771 740 cursor
793 697 976 752 pedibus
997 703 1219 751 promotos
1249 698 1394 742 decem

255 770 397 824 facile
425 769 624 812 vincebat
650 776 840 812 oratores
870 774 1045 820 ceteros,

262 842 385 884 velox
413 842 632 897 quuendo,
662 843 739 885 sed
766 856 861 884 cum
890 841 1024 882 veloci
1054 841 1216 894 impetu

262 911 414 955 Suada
442 915 658 956 insidebat
688 914 897 969 quaedam
925 912 1053 954 labiis
1082 911 1228 953 illius.-

261 987 330 1026 ita
359 985 570 1029 delinibat
602 986 804 1036 homines,
834 998 1024 1039 unusque
1053 985 1239 1025 omnium

260 1054 481 1109 linquebat
509 1057 702 1098 stimulos
731 1057 779 1097 in
808 1057 953 1096 animo
985 1057 1268 1097 audientium.

89 1125 164 1169 Vs.
194 1126 223 1167 2
265 1126 400 1178 schol.
432 1128 627 1170 Aristidis
659 1124 883 1182 παρέλθῃ.
956 1127 1040 1168 Sed
1079 1127 1174 1169 cod.
1204 1128 1237 1168 B
1269 1122 1495 1179 παρέλθοι
1531 1128 1580 1166 ut

90 1196 224 1239 schol.
239 1197 544 1252 Aristophanis.
603 1199 725 1252 Quod
755 1198 943 1251 sequitur
973 1193 1030 1248 δ’,
1062 1198 1249 1239 additum
1280 1211 1304 1239 a
1329 1196 1497 1250 Toupio
1527 1195 1581 1237 ad

90 1268 270 1322 Longin.
290 1269 469 1313 xxxiv
500 1270 542 1311 4.
601 1270 761 1311 Ibidem
791 1265 967 1322 ἁγαθοὶ
997 1283 1074 1323 pro
1105 1267 1149 1309 οἱ
1178 1265 1354 1321 ἀγαθοὶ
1383 1267 1580 1321 Ruspina.

92 1339 204 1381 'rum
234 1336 402 1395 δρομῆς
416 1341 610 1383 Aristidis
641 1342 735 1383 eod.
753 1342 872 1383 Leid.
893 1342 1004 1395 apud
1016 1341 1336 1384 Valckenarium
1366 1353 1444 1394 pro
1475 1336 1579 1394 δρο-

88 1410 199 1463 μεῖς.
245 1438 302 1446 --
348 1413 422 1458 Vs.
453 1413 480 1452 3
522 1413 646 1466 vulgo
675 1408 918 1455 ἑκκαίδεκα.
976 1415 1115 1466 Atque
1143 1412 1203 1454 ita
1233 1412 1358 1454 etiam
1387 1413 1431 1454 in
1461 1416 1578 1455 textu

88 1483 281 1527 Aristidis
312 1484 352 1527 11
382 1498 423 1537 p.
458 1484 540 1527 174
571 1485 694 1527 Dind.
729 1480 1048 1539 ἀνεπίφθονον
1088 1479 1208 1541 αὐτῷ
1245 1483 1322 1525 καὶ
1360 1479 1578 1538 καθαρὰν

87 1551 171 1604 τὴν
198 1551 450 1610 μαρτυρίαν
481 1549 734 1598 ἀποδέδωκε
749 1557 859 1608 (scil.
879 1557 1076 1610 Eupolis)
1097 1554 1236 1608 λέγων
1260 1549 1320 1604 ὥς
1349 1551 1579 1598 ἑκκαίδεκα

90 1623 242 1667 ποδῶν
269 1619 363 1684 ᾕρει
392 1623 494 1675 τούς
525 1622 715 1683 ῥήτορας
743 1624 790 1668 ἐν
819 1627 911 1675 τοῖς
939 1623 1101 1681 λόγοις.
1171 1628 1365 1670 Correxit
1404 1629 1576 1673 Grotius

90 1699 311 1752 Excerptis
342 1712 382 1751 p.
412 1700 496 1739 499
528 1704 571 1739 et
603 1700 948 1753 Wyttenbaohius
978 1700 1030 1740 ad
1063 1700 1333 1741 Plutarchum
1363 1701 1406 1742 S.
1438 1701 1491 1743 N.
1522 1701 1577 1747 V.

0 1775 1 1791 ³
89 1783 132 1824 p.
154 1770 183 1810 7
211 1783 302 1823 squ.
333 1770 485 1811 collato
512 1770 748 1812 Themistio
780 1772 854 1813 Or.
884 1772 940 1812 27
970 1785 1012 1825 p.
1042 1772 1127 1812 339
1144 1784 1179 1812 c.
1211 1769 1348 1823 λέγων
1379 1767 1578 1826 αἱρήσεις

88 1836 168 1880 οὐκ
195 1837 242 1881 ἐκ
271 1838 375 1882 δέκα
406 1839 570 1893 ποδῶν,
598 1836 697 1881 ἀλλ’
730 1839 776 1894 ἐξ
803 1839 969 1883 εἴκοσιν
997 1839 1127 1894 ἴσως,
1164 1848 1207 1883 et
1236 1843 1398 1884 lsidoro
1432 1844 1575 1890 Pelus.

89 1913 226 1967 Epist.
258 1914 315 1956 lV
344 1914 430 1955 205
467 1912 687 1969 Περικλῆς
723 1908 772 1962 ὃς
801 1908 893 1954 ἀπὸ
924 1911 1029 1954 δέκα
1059 1911 1210 1954 ποδῶν
1239 1906 1332 1971 ᾕρει
1362 1911 1465 1964 τοὺς
1493 1911 1574 1971 ῥή-

88 1996 236 2038 τορας,
278 1986 378 2026 ,Ρτο
406 1977 500 2043 ᾔρει
529 1987 662 2029 schol.
693 1986 984 2041 Aristophanis
1015 1980 1118 2042 ᾔρει.
1166 2011 1222 2019 --
1265 1987 1333 2029 Vs.
1364 1987 1393 2028 4
1439 1988 1572 2032 schol.

89 2056 378 2111 Aristophanis
407 2054 546 2111 ταχὺν
574 2055 714 2110 λέγειν
743 2056 847 2110 μέν,
877 2057 1010 2100 schol.
1042 2057 1235 2099 Aristidis
1266 2055 1404 2112 ταχὺν
1433 2056 1571 2112 λέγεις

89 2139 169 2180 με,
206 2129 282 2170 sed
322 2142 398 2182 pro
434 2142 489 2182 με
526 2143 578 2171 ex
614 2130 648 2171 B
687 2134 900 2172 enotatum
937 2142 998 2182 γε.
1066 2129 1224 2183 Scripsi
1261 2127 1400 2183 ταχὺν
1437 2129 1574 2184 λέγεις

89 2195 185 2250 μέν,
214 2202 258 2239 et
287 2199 457 2241 alteriue
486 2201 796 2243 interlocutoria
827 2206 968 2242 notum
998 2202 1189 2255 apposui.
1238 2203 1357 2255 Quae
1387 2215 1571 2256 sequun-

89 2272 159 2309 tur
198 2269 296 2312 inde
335 2284 359 2311 a
396 2273 535 2313 verbis
572 2268 681 2326 πρὸς
720 2269 767 2312 δέ
806 2267 850 2325 γ’
893 2267 1034 2312 αὐτοῦ
1072 2269 1131 2327 τῷ
1170 2267 1291 2324 τάχει
1332 2285 1466 2327 usque
1517 2275 1572 2321 ad

89 2340 218 2382 finem
255 2340 476 2394 fragmenti
516 2344 641 2384 habet
678 2345 803 2384 etiam
842 2344 1015 2401 Plinius!
1043 2343 1179 2397 Epist.
1211 2343 1229 2384 l
1270 2345 1339 2385 20.
1389 2359 1468 2386 neo
1505 2361 1572 2390 me

80 2413 298 2468 praeterit
325 2426 529 2458 summum
557 2421 768 2457 oratorem
798 2415 1005 2458 Periclem
1033 2416 1097 2456 sic
1128 2430 1155 2457 a
1185 2417 1344 2458 comico
1359 2417 1573 2471 Eupolide

89 2482 275 2534 laudari,
305 2483 414 2539 πρὸς
444 2483 492 2527 δέ
522 2481 567 2538 y’
598 2483 737 2527 αὐτοῦ
765 2484 824 2543 τῷ
854 2481 974 2540 τάχει
1001 2484 1092 2527 κτλ.
1142 2511 1194 2519 —-
1239 2488 1309 2529 Vs.
1341 2489 1367 2528 6
1398 2493 1440 2530 et
1470 2489 1570 2533 rell-

90 2566 194 2610 quos
216 2555 343 2598 habet
361 2559 483 2599 etiam
500 2559 707 2601 Diodorus
724 2560 806 2603 Sic.
826 2559 904 2601 Xll
937 2559 1007 2601 40.
1038 2559 1196 2602 Locum
1228 2559 1432 2613 expressit
1447 2574 1568 2616 prae-

91 2630 156 2669 ter
186 2629 287 2671 ulios
318 2630 502 2672 isidorus
538 2631 567 2674 Ι.
598 2631 626 2671 Ι.
665 2626 779 2671 κατὰ
816 2631 894 2672 τὸν
930 2627 1123 2684 κωμικὸν
1160 2625 1322 2670 Πειθώ
1364 2644 1428 2679 τις
1469 2627 1567 2691 ᾤκει

91 2693 139 2737 ἐν
167 2698 257 2747 τοῖς
281 2697 485 2755 χείλεσιν.
550 2704 757 2746 Aristides
787 2705 815 2745 Ι.
847 2705 875 2748 Ι.
906 2699 1047 2755 μόνου
1077 2703 1292 2756 (Periclis)
1324 2700 1471 2744 πειθώ
1504 2717 1569 2753 τις

92 2764 349 2824 ἐπεκάθιζιν
385 2771 458 2819 ἐπὶ
493 2773 584 2824 τοῖς
620 2771 824 2830 χείλεσιν.
899 2774 1158 2818 Themistius
1197 2775 1268 2818 Or.
1300 2776 1328 2816 8
1364 2788 1409 2829 p.
1435 2776 1491 2817 37
1519 2776 1566 2818 B.
