<?xml version="1.0" encoding="UTF-8"?>
<!DOCTYPE html PUBLIC "-//W3C//DTD XHTML 1.0 Transitional//EN"
    "http://www.w3.org/TR/xhtml1/DTD/xhtml1-transitional.dtd">
<html xmlns="http://www.w3.org/1999/xhtml" xml:lang="en" lang="en">
 <head>
  <title>
</title>
<meta http-equiv="Content-Type" content="text/html;charset=utf-8" />
  <meta name='ocr-system' content='tesseract 3.04.00' />
  <meta name='ocr-capabilities' content='ocr_page ocr_carea ocr_par ocr_line ocrx_word'/>
</head>
<body>
  <div class='ocr_page' id='page_1' title='image "./p1fragmentacomic02meinuoft_0410.png"; bbox 0 0 1786 3210; ppageno 0'>
   <div class='ocr_carea' id='block_1_1' title="bbox 241 204 1147 261">
    <p class='ocr_par' dir='ltr' id='par_1_1' title="bbox 241 204 1147 261">
     <span class='ocr_line' id='line_1_1' title="bbox 241 204 1147 261; baseline 0.003 -17"><span class='ocrx_word' id='word_1_1' title='bbox 241 205 327 245; x_wconf 71' lang='lat' dir='ltr'><strong>aas</strong></span> <span class='ocrx_word' id='word_1_2' title='bbox 854 204 1147 261; x_wconf 71' lang='lat' dir='ltr'><strong>nnumirrt</strong></span> 
     </span>
    </p>
   </div>
   <div class='ocr_carea' id='block_1_2' title="bbox 1702 0 1786 371">
    <p class='ocr_par' dir='ltr' id='par_1_2' title="bbox 1702 0 1786 371">
     <span class='ocr_line' id='line_1_2' title="bbox 1702 0 1786 371; baseline 0 2839"><span class='ocrx_word' id='word_1_3' title='bbox 1702 0 1786 371; x_wconf 95' lang='lat' dir='ltr'><strong> </strong></span> 
     </span>
    </p>
   </div>
   <div class='ocr_carea' id='block_1_3' title="bbox 525 312 1433 546">
    <p class='ocr_par' dir='ltr' id='par_1_3' title="bbox 525 312 1433 546">
     <span class='ocr_line' id='line_1_3' title="bbox 530 312 1306 371; baseline -0.001 -13"><span class='ocrx_word' id='word_1_4' title='bbox 530 314 693 367; x_wconf 79' lang='grc' dir='ltr'><em>Μανῆς</em></span> <span class='ocrx_word' id='word_1_5' title='bbox 724 312 774 357; x_wconf 73' lang='grc' dir='ltr'><strong>δ’</strong></span> <span class='ocrx_word' id='word_1_6' title='bbox 809 312 940 359; x_wconf 71' lang='grc' dir='ltr'><em>οἰδὲν</em></span> <span class='ocrx_word' id='word_1_7' title='bbox 970 314 1176 371; x_wconf 68' lang='grc' dir='ltr'><em>λατάγων</em></span> <span class='ocrx_word' id='word_1_8' title='bbox 1205 314 1306 369; x_wconf 52' lang='lat' dir='ltr'><strong>dim,</strong></span> 
     </span>
     <span class='ocr_line' id='line_1_4' title="bbox 528 398 1433 457; baseline 0.003 -15"><span class='ocrx_word' id='word_1_9' title='bbox 528 400 611 454; x_wconf 74' lang='grc' dir='ltr'><strong>τὴν</strong></span> <span class='ocrx_word' id='word_1_10' title='bbox 641 402 686 443; x_wconf 73' lang='grc' dir='ltr'><strong>δὲ</strong></span> <span class='ocrx_word' id='word_1_11' title='bbox 719 399 1201 457; x_wconf 45' lang='grc' dir='ltr'><em>τάλαινανπλάστιγῖἶ</em></span> <span class='ocrx_word' id='word_1_12' title='bbox 1236 398 1292 443; x_wconf 71' lang='grc' dir='ltr'><strong>ἂν</strong></span> <span class='ocrx_word' id='word_1_13' title='bbox 1322 403 1433 453; x_wconf 72' lang='grc' dir='ltr'><em>ἴδοις</em></span> 
     </span>
     <span class='ocr_line' id='line_1_5' title="bbox 525 487 1317 546; baseline 0 -16"><span class='ocrx_word' id='word_1_14' title='bbox 525 487 648 544; x_wconf 79' lang='grc' dir='ltr'><em>παρά</em></span> <span class='ocrx_word' id='word_1_15' title='bbox 679 487 757 530; x_wconf 84' lang='grc' dir='ltr'><strong>τὸν</strong></span> <span class='ocrx_word' id='word_1_16' title='bbox 787 490 985 546; x_wconf 74' lang='grc' dir='ltr'><em>στροφέα</em></span> <span class='ocrx_word' id='word_1_17' title='bbox 1015 488 1093 540; x_wconf 81' lang='grc' dir='ltr'><strong>τῆς</strong></span> <span class='ocrx_word' id='word_1_18' title='bbox 1123 487 1317 540; x_wconf 71' lang='grc' dir='ltr'><em>κηπαίας</em></span> 
     </span>
    </p>
   </div>
   <div class='ocr_carea' id='block_1_4' title="bbox 443 565 1187 630">
    <p class='ocr_par' dir='ltr' id='par_1_4' title="bbox 443 565 1187 630">
     <span class='ocr_line' id='line_1_6' title="bbox 443 565 1187 630; baseline 0.003 -15"><span class='ocrx_word' id='word_1_19' title='bbox 443 577 497 616; x_wconf 84' lang='grc'><strong>10</strong></span> <span class='ocrx_word' id='word_1_20' title='bbox 527 573 574 615; x_wconf 79' lang='grc' dir='ltr'><strong>ἐν</strong></span> <span class='ocrx_word' id='word_1_21' title='bbox 603 576 720 615; x_wconf 77' lang='grc' dir='ltr'><em>τοῖσι</em></span> <span class='ocrx_word' id='word_1_22' title='bbox 751 572 1001 630; x_wconf 75' lang='grc' dir='ltr'><em>κορήμασιν</em></span> <span class='ocrx_word' id='word_1_23' title='bbox 1031 565 1187 619; x_wconf 75' lang='grc' dir='ltr'><em>οὖσαν.</em></span> 
     </span>
    </p>
   </div>
   <div class='ocr_carea' id='block_1_5' title="bbox 230 684 1786 2321">
    <p class='ocr_par' dir='ltr' id='par_1_5' title="bbox 230 684 1786 2321">
     <span class='ocr_line' id='line_1_7' title="bbox 352 684 1786 747; baseline 0.001 -15"><span class='ocrx_word' id='word_1_24' title='bbox 352 688 595 732; x_wconf 75' lang='lat' dir='ltr'><strong>Athenaeus</strong></span> <span class='ocrx_word' id='word_1_25' title='bbox 625 690 703 732; x_wconf 92' lang='lat' dir='ltr'><strong>XV</strong></span> <span class='ocrx_word' id='word_1_26' title='bbox 733 704 775 743; x_wconf 89' lang='lat' dir='ltr'><strong>p.</strong></span> <span class='ocrx_word' id='word_1_27' title='bbox 800 692 883 731; x_wconf 87' lang='grc'><strong>668</strong></span> <span class='ocrx_word' id='word_1_28' title='bbox 899 705 934 732; x_wconf 81' lang='lat' dir='ltr'><strong>a.</strong></span> <span class='ocrx_word' id='word_1_29' title='bbox 968 692 1021 733; x_wconf 86' lang='lat' dir='ltr'><strong>de</strong></span> <span class='ocrx_word' id='word_1_30' title='bbox 1053 692 1206 732; x_wconf 87' lang='lat' dir='ltr'><strong>cottabi</strong></span> <span class='ocrx_word' id='word_1_31' title='bbox 1235 691 1334 732; x_wconf 91' lang='lat' dir='ltr'><strong>ludo</strong></span> <span class='ocrx_word' id='word_1_32' title='bbox 1366 691 1597 732; x_wconf 84' lang='lat' dir='ltr'><strong>disserens:</strong></span> <span class='ocrx_word' id='word_1_33' title='bbox 1619 684 1727 747; x_wconf 67' lang='lat' dir='ltr'><em>‘&#39;Ep-</em></span> <span class='ocrx_word' id='word_1_34' title='bbox 1784 694 1786 745; x_wconf 71' lang='lat'><em>3</em></span> 
     </span>
     <span class='ocr_line' id='line_1_8' title="bbox 236 752 1786 818; baseline 0.001 -17"><span class='ocrx_word' id='word_1_35' title='bbox 236 774 410 815; x_wconf 82' lang='grc' dir='ltr'><em>μιππος</em></span> <span class='ocrx_word' id='word_1_36' title='bbox 442 757 640 816; x_wconf 56' lang='lat' dir='ltr'><strong>Molem-g</strong></span> <span class='ocrx_word' id='word_1_37' title='bbox 682 758 905 810; x_wconf 75' lang='grc' dir='ltr'><em>Χλανίὸες</em></span> <span class='ocrx_word' id='word_1_38' title='bbox 943 757 997 802; x_wconf 89' lang='lat'><strong>3&#39;</strong></span> <span class='ocrx_word' id='word_1_39' title='bbox 1032 752 1163 803; x_wconf 74' lang='grc' dir='ltr'><em>οὖλαι</em></span> <span class='ocrx_word' id='word_1_40' title='bbox 1203 788 1259 794; x_wconf 83' lang='lat'><strong>—-</strong></span> <span class='ocrx_word' id='word_1_41' title='bbox 1299 760 1346 800; x_wconf 84' lang='grc' dir='ltr'><strong>ἐν</strong></span> <span class='ocrx_word' id='word_1_42' title='bbox 1375 762 1491 802; x_wconf 83' lang='grc' dir='ltr'><em>τοῖσι</em></span> <span class='ocrx_word' id='word_1_43' title='bbox 1529 758 1724 818; x_wconf 78' lang='grc' dir='ltr'><em>κορήμα-</em></span> <span class='ocrx_word' id='word_1_44' title='bbox 1778 759 1786 774; x_wconf 69' lang='lat'>⁷</span> 
     </span>
     <span class='ocr_line' id='line_1_9' title="bbox 237 821 1726 888; baseline 0.003 -15"><span class='ocrx_word' id='word_1_45' title='bbox 237 844 311 873; x_wconf 88' lang='grc' dir='ltr'><strong>σιν</strong></span> <span class='ocrx_word' id='word_1_46' title='bbox 340 821 498 874; x_wconf 77' lang='grc' dir='ltr'><em>οὖσαν.</em></span> <span class='ocrx_word' id='word_1_47' title='bbox 567 834 687 874; x_wconf 80' lang='lat' dir='ltr'><strong>Haec</strong></span> <span class='ocrx_word' id='word_1_48' title='bbox 728 847 778 874; x_wconf 84' lang='lat' dir='ltr'><strong>ex</strong></span> <span class='ocrx_word' id='word_1_49' title='bbox 817 835 964 875; x_wconf 85' lang='lat' dir='ltr'><strong>eodem</strong></span> <span class='ocrx_word' id='word_1_50' title='bbox 1005 836 1188 875; x_wconf 79' lang='lat' dir='ltr'>carmine</span> <span class='ocrx_word' id='word_1_51' title='bbox 1227 848 1276 874; x_wconf 87' lang='lat' dir='ltr'><strong>ex</strong></span> <span class='ocrx_word' id='word_1_52' title='bbox 1307 847 1388 887; x_wconf 90' lang='lat' dir='ltr'><strong>quo</strong></span> <span class='ocrx_word' id='word_1_53' title='bbox 1419 837 1610 888; x_wconf 80' lang='lat' dir='ltr'><strong>superius</strong></span> <span class='ocrx_word' id='word_1_54' title='bbox 1640 835 1726 877; x_wconf 79' lang='lat' dir='ltr'><strong>fra-</strong></span> 
     </span>
     <span class='ocr_line' id='line_1_10' title="bbox 236 905 1725 960; baseline 0.002 -14"><span class='ocrx_word' id='word_1_55' title='bbox 236 910 451 960; x_wconf 82' lang='lat' dir='ltr'><strong>gmentum</strong></span> <span class='ocrx_word' id='word_1_56' title='bbox 482 905 613 958; x_wconf 85' lang='lat' dir='ltr'><strong>petita</strong></span> <span class='ocrx_word' id='word_1_57' title='bbox 645 919 738 946; x_wconf 87' lang='lat' dir='ltr'><strong>esse</strong></span> <span class='ocrx_word' id='word_1_58' title='bbox 768 906 946 947; x_wconf 82' lang='lat' dir='ltr'><strong>indicavi</strong></span> <span class='ocrx_word' id='word_1_59' title='bbox 978 909 1148 959; x_wconf 77' lang='lat' dir='ltr'><strong>Quaest.</strong></span> <span class='ocrx_word' id='word_1_60' title='bbox 1181 919 1238 947; x_wconf 86' lang='lat' dir='ltr'><strong>sc.</strong></span> <span class='ocrx_word' id='word_1_61' title='bbox 1271 906 1289 946; x_wconf 89' lang='grc' dir='ltr'>Ι</span> <span class='ocrx_word' id='word_1_62' title='bbox 1321 920 1362 959; x_wconf 87' lang='lat' dir='ltr'><strong>p.</strong></span> <span class='ocrx_word' id='word_1_63' title='bbox 1385 907 1441 946; x_wconf 87' lang='lat'><strong>30</strong></span> <span class='ocrx_word' id='word_1_64' title='bbox 1471 908 1602 957; x_wconf 87' lang='lat' dir='ltr'><strong>(Ilist.</strong></span> <span class='ocrx_word' id='word_1_65' title='bbox 1634 909 1725 950; x_wconf 83' lang='lat' dir='ltr'><strong>crit.</strong></span> 
     </span>
     <span class='ocr_line' id='line_1_11' title="bbox 236 975 1724 1033; baseline 0.001 -14"><span class='ocrx_word' id='word_1_66' title='bbox 236 991 279 1032; x_wconf 86' lang='lat' dir='ltr'><strong>p.</strong></span> <span class='ocrx_word' id='word_1_67' title='bbox 309 978 400 1033; x_wconf 79' lang='lat'><strong>91).</strong></span> <span class='ocrx_word' id='word_1_68' title='bbox 463 978 535 1019; x_wconf 89' lang='lat' dir='ltr'><strong>Vs.</strong></span> <span class='ocrx_word' id='word_1_69' title='bbox 568 977 594 1016; x_wconf 85' lang='lat'><strong>3</strong></span> <span class='ocrx_word' id='word_1_70' title='bbox 626 977 721 1016; x_wconf 87' lang='lat' dir='ltr'>libri</span> <span class='ocrx_word' id='word_1_71' title='bbox 751 975 965 1029; x_wconf 72' lang='grc' dir='ltr'><em>κνημίδες.</em></span> <span class='ocrx_word' id='word_1_72' title='bbox 1032 980 1224 1020; x_wconf 84' lang='lat' dir='ltr'><strong>Correxit</strong></span> <span class='ocrx_word' id='word_1_73' title='bbox 1255 979 1458 1031; x_wconf 79' lang='lat' dir='ltr'><strong>Bergkius</strong></span> <span class='ocrx_word' id='word_1_74' title='bbox 1490 979 1724 1021; x_wconf 74' lang='lat' dir='ltr'><strong>Commeat.</strong></span> 
     </span>
     <span class='ocr_line' id='line_1_12' title="bbox 234 1045 1726 1104; baseline -0.001 -14"><span class='ocrx_word' id='word_1_75' title='bbox 234 1063 278 1104; x_wconf 89' lang='lat' dir='ltr'><strong>p.</strong></span> <span class='ocrx_word' id='word_1_76' title='bbox 309 1050 407 1090; x_wconf 81' lang='lat'><strong>32⁰.</strong></span> <span class='ocrx_word' id='word_1_77' title='bbox 468 1048 711 1090; x_wconf 81' lang='lat' dir='ltr'><strong>Erfurdtius</strong></span> <span class='ocrx_word' id='word_1_78' title='bbox 743 1050 918 1091; x_wconf 78' lang='lat' dir='ltr'>observ,</span> <span class='ocrx_word' id='word_1_79' title='bbox 950 1064 990 1104; x_wconf 86' lang='lat' dir='ltr'><strong>p.</strong></span> <span class='ocrx_word' id='word_1_80' title='bbox 1010 1052 1094 1091; x_wconf 84' lang='lat'><strong>470</strong></span> <span class='ocrx_word' id='word_1_81' title='bbox 1124 1047 1281 1101; x_wconf 80' lang='grc' dir='ltr'><em>κνημὶς</em></span> <span class='ocrx_word' id='word_1_82' title='bbox 1311 1046 1356 1088; x_wconf 79' lang='grc' dir='ltr'><strong>δὲ</strong></span> <span class='ocrx_word' id='word_1_83' title='bbox 1388 1055 1431 1090; x_wconf 86' lang='lat' dir='ltr'><strong>et</strong></span> <span class='ocrx_word' id='word_1_84' title='bbox 1460 1045 1726 1104; x_wconf 67' lang='grc' dir='ltr'><em>άρθροῦται,</em></span> 
     </span>
     <span class='ocr_line' id='line_1_13' title="bbox 236 1107 1726 1179; baseline -0.001 -17"><span class='ocrx_word' id='word_1_85' title='bbox 236 1121 349 1179; x_wconf 79' lang='lat' dir='ltr'><strong>quod</strong></span> <span class='ocrx_word' id='word_1_86' title='bbox 377 1121 509 1161; x_wconf 87' lang='lat' dir='ltr'><strong>voluit</strong></span> <span class='ocrx_word' id='word_1_87' title='bbox 541 1120 663 1160; x_wconf 79' lang='lat' dir='ltr'><strong>etiam</strong></span> <span class='ocrx_word' id='word_1_88' title='bbox 699 1121 908 1162; x_wconf 70' lang='lat' dir='ltr'><strong>Por-onus</strong></span> <span class='ocrx_word' id='word_1_89' title='bbox 938 1123 1060 1163; x_wconf 72' lang='lat' dir='ltr'><strong>Misc.</strong></span> <span class='ocrx_word' id='word_1_90' title='bbox 1092 1137 1132 1175; x_wconf 89' lang='lat' dir='ltr'><strong>p.</strong></span> <span class='ocrx_word' id='word_1_91' title='bbox 1152 1107 1249 1162; x_wconf 56' lang='lat'><strong>248.</strong></span> <span class='ocrx_word' id='word_1_92' title='bbox 1279 1148 1336 1154; x_wconf 88' lang='lat'><strong>-—</strong></span> <span class='ocrx_word' id='word_1_93' title='bbox 1369 1121 1438 1164; x_wconf 86' lang='lat' dir='ltr'><strong>Vs.</strong></span> <span class='ocrx_word' id='word_1_94' title='bbox 1453 1122 1493 1163; x_wconf 81' lang='lat'><strong>4.</strong></span> <span class='ocrx_word' id='word_1_95' title='bbox 1527 1117 1726 1174; x_wconf 75' lang='grc' dir='ltr'><em>βλαύτην</em></span> 
     </span>
     <span class='ocr_line' id='line_1_14' title="bbox 236 1193 1724 1246; baseline 0.001 -12"><span class='ocrx_word' id='word_1_96' title='bbox 236 1193 509 1234; x_wconf 80' lang='lat' dir='ltr'><strong>calceamenti</strong></span> <span class='ocrx_word' id='word_1_97' title='bbox 539 1205 672 1246; x_wconf 83' lang='lat' dir='ltr'><strong>genus</strong></span> <span class='ocrx_word' id='word_1_98' title='bbox 704 1193 847 1233; x_wconf 86' lang='lat' dir='ltr'><strong>otiosis</strong></span> <span class='ocrx_word' id='word_1_99' title='bbox 886 1198 927 1233; x_wconf 88' lang='lat' dir='ltr'><strong>et</strong></span> <span class='ocrx_word' id='word_1_100' title='bbox 959 1194 1232 1234; x_wconf 82' lang='lat' dir='ltr'><strong>molliusculis</strong></span> <span class='ocrx_word' id='word_1_101' title='bbox 1263 1193 1499 1233; x_wconf 88' lang='lat' dir='ltr'><strong>hominibus</strong></span> <span class='ocrx_word' id='word_1_102' title='bbox 1530 1194 1724 1235; x_wconf 79' lang='lat' dir='ltr'><strong>usitatum</strong></span> 
     </span>
     <span class='ocr_line' id='line_1_15' title="bbox 235 1263 1723 1318; baseline 0.002 -14"><span class='ocrx_word' id='word_1_103' title='bbox 235 1263 366 1305; x_wconf 84' lang='lat' dir='ltr'><strong>fuisse</strong></span> <span class='ocrx_word' id='word_1_104' title='bbox 383 1264 507 1303; x_wconf 87' lang='lat' dir='ltr'><strong>docet</strong></span> <span class='ocrx_word' id='word_1_105' title='bbox 535 1264 658 1303; x_wconf 82' lang='lat' dir='ltr'><strong>etiam</strong></span> <span class='ocrx_word' id='word_1_106' title='bbox 676 1265 875 1304; x_wconf 84' lang='lat' dir='ltr'><strong>Anaxilae</strong></span> <span class='ocrx_word' id='word_1_107' title='bbox 898 1265 1014 1304; x_wconf 85' lang='lat' dir='ltr'><strong>locus</strong></span> <span class='ocrx_word' id='word_1_108' title='bbox 1036 1266 1145 1317; x_wconf 87' lang='lat' dir='ltr'><strong>apud</strong></span> <span class='ocrx_word' id='word_1_109' title='bbox 1163 1265 1424 1306; x_wconf 82' lang='lat' dir='ltr'><strong>Athenaeum</strong></span> <span class='ocrx_word' id='word_1_110' title='bbox 1442 1264 1518 1304; x_wconf 71' lang='lat' dir='ltr'><strong>xil</strong></span> <span class='ocrx_word' id='word_1_111' title='bbox 1536 1279 1577 1318; x_wconf 88' lang='lat' dir='ltr'><strong>p.</strong></span> <span class='ocrx_word' id='word_1_112' title='bbox 1593 1265 1723 1307; x_wconf 70' lang='lat'><strong>548⁶.</strong></span> 
     </span>
     <span class='ocr_line' id='line_1_16' title="bbox 234 1330 1725 1390; baseline 0 -14"><span class='ocrx_word' id='word_1_113' title='bbox 234 1332 391 1390; x_wconf 80' lang='grc' dir='ltr'><em>μύροις</em></span> <span class='ocrx_word' id='word_1_114' title='bbox 423 1331 552 1389; x_wconf 79' lang='grc' dir='ltr'><em>σῶμα</em></span> <span class='ocrx_word' id='word_1_115' title='bbox 595 1330 838 1386; x_wconf 77' lang='grc' dir='ltr'><em>λιπαίνων,</em></span> <span class='ocrx_word' id='word_1_116' title='bbox 872 1331 1090 1388; x_wconf 74' lang='grc' dir='ltr'><em>χλανίδας</em></span> <span class='ocrx_word' id='word_1_117' title='bbox 1131 1333 1158 1373; x_wconf 84' lang='lat'><em>3</em></span> <span class='ocrx_word' id='word_1_118' title='bbox 1171 1330 1183 1344; x_wconf 85' lang='lat'><em>&#39;</em></span> <span class='ocrx_word' id='word_1_119' title='bbox 1217 1333 1369 1386; x_wconf 75' lang='grc' dir='ltr'><em>ἕλκων,</em></span> <span class='ocrx_word' id='word_1_120' title='bbox 1410 1330 1607 1389; x_wconf 76' lang='grc' dir='ltr'><em>βλαύτας</em></span> <span class='ocrx_word' id='word_1_121' title='bbox 1642 1330 1725 1376; x_wconf 83' lang='grc' dir='ltr'><strong>σὺ-</strong></span> 
     </span>
     <span class='ocr_line' id='line_1_17' title="bbox 235 1394 1723 1462; baseline 0.002 -16"><span class='ocrx_word' id='word_1_122' title='bbox 235 1417 336 1462; x_wconf 84' lang='grc' dir='ltr'><em>ρων.</em></span> <span class='ocrx_word' id='word_1_123' title='bbox 377 1407 488 1447; x_wconf 78' lang='lat' dir='ltr'><strong>nine</strong></span> <span class='ocrx_word' id='word_1_124' title='bbox 519 1420 613 1447; x_wconf 87' lang='lat' dir='ltr'><strong>cum</strong></span> <span class='ocrx_word' id='word_1_125' title='bbox 645 1407 849 1447; x_wconf 88' lang='lat' dir='ltr'><strong>cothurno</strong></span> <span class='ocrx_word' id='word_1_126' title='bbox 881 1407 1093 1447; x_wconf 86' lang='lat' dir='ltr'><strong>coniunxit</strong></span> <span class='ocrx_word' id='word_1_127' title='bbox 1124 1407 1332 1461; x_wconf 79' lang='lat' dir='ltr'>Lysippus</span> <span class='ocrx_word' id='word_1_128' title='bbox 1363 1408 1515 1448; x_wconf 86' lang='lat' dir='ltr'><strong>Bacch.</strong></span> <span class='ocrx_word' id='word_1_129' title='bbox 1533 1407 1585 1448; x_wconf 83' lang='grc' dir='ltr'><strong>[Ι.</strong></span> <span class='ocrx_word' id='word_1_130' title='bbox 1618 1394 1723 1450; x_wconf 76' lang='lat' dir='ltr'><strong>ibid.</strong></span> 
     </span>
     <span class='ocr_line' id='line_1_18' title="bbox 235 1478 1730 1533; baseline 0 -13"><span class='ocrx_word' id='word_1_131' title='bbox 235 1483 331 1520; x_wconf 77' lang='lat' dir='ltr'><strong>ante</strong></span> <span class='ocrx_word' id='word_1_132' title='bbox 349 1478 582 1519; x_wconf 87' lang='lat' dir='ltr'><strong>Iacobsium</strong></span> <span class='ocrx_word' id='word_1_133' title='bbox 601 1479 710 1519; x_wconf 90' lang='lat' dir='ltr'><strong>Mus.</strong></span> <span class='ocrx_word' id='word_1_134' title='bbox 728 1480 812 1519; x_wconf 86' lang='lat' dir='ltr'><strong>Att.</strong></span> <span class='ocrx_word' id='word_1_135' title='bbox 826 1478 887 1518; x_wconf 81' lang='lat'><strong>111</strong></span> <span class='ocrx_word' id='word_1_136' title='bbox 918 1479 944 1518; x_wconf 85' lang='lat'><strong>3</strong></span> <span class='ocrx_word' id='word_1_137' title='bbox 975 1493 1016 1532; x_wconf 89' lang='lat' dir='ltr'><strong>p.</strong></span> <span class='ocrx_word' id='word_1_138' title='bbox 1033 1479 1116 1519; x_wconf 77' lang='lat'><strong>494</strong></span> <span class='ocrx_word' id='word_1_139' title='bbox 1148 1485 1190 1519; x_wconf 88' lang='lat' dir='ltr'><strong>et</strong></span> <span class='ocrx_word' id='word_1_140' title='bbox 1207 1480 1366 1520; x_wconf 87' lang='lat' dir='ltr'><strong>Coraen</strong></span> <span class='ocrx_word' id='word_1_141' title='bbox 1386 1481 1494 1532; x_wconf 82' lang='lat' dir='ltr'><strong>apud</strong></span> <span class='ocrx_word' id='word_1_142' title='bbox 1510 1479 1730 1533; x_wconf 46' lang='lat' dir='ltr'><strong>Schweigz</strong></span> 
     </span>
     <span class='ocr_line' id='line_1_19' title="bbox 232 1545 1722 1603; baseline 0 -12"><span class='ocrx_word' id='word_1_143' title='bbox 232 1551 484 1592; x_wconf 77' lang='lat' dir='ltr'><strong>haeuserum</strong></span> <span class='ocrx_word' id='word_1_144' title='bbox 517 1550 779 1603; x_wconf 77' lang='lat' dir='ltr'><strong>legebatur</strong></span> <span class='ocrx_word' id='word_1_145' title='bbox 763 1545 916 1603; x_wconf 75' lang='grc' dir='ltr'><em>ἑτέρως</em></span> <span class='ocrx_word' id='word_1_146' title='bbox 945 1565 1021 1603; x_wconf 81' lang='lat' dir='ltr'><strong>pro</strong></span> <span class='ocrx_word' id='word_1_147' title='bbox 1054 1545 1118 1589; x_wconf 84' lang='grc' dir='ltr'><strong>ἔ’τ</strong></span> <span class='ocrx_word' id='word_1_148' title='bbox 1148 1545 1266 1603; x_wconf 79' lang='grc' dir='ltr'><em>ε”.ρως</em></span> <span class='ocrx_word' id='word_1_149' title='bbox 1312 1577 1368 1583; x_wconf 75' lang='lat'><strong>—-</strong></span> <span class='ocrx_word' id='word_1_150' title='bbox 1418 1551 1485 1592; x_wconf 84' lang='lat' dir='ltr'><strong>Vs.</strong></span> <span class='ocrx_word' id='word_1_151' title='bbox 1517 1550 1545 1590; x_wconf 87' lang='lat'>5</span> <span class='ocrx_word' id='word_1_152' title='bbox 1583 1556 1626 1591; x_wconf 86' lang='lat' dir='ltr'><strong>et</strong></span> <span class='ocrx_word' id='word_1_153' title='bbox 1654 1563 1722 1591; x_wconf 84' lang='lat' dir='ltr'><strong>re-</strong></span> 
     </span>
     <span class='ocr_line' id='line_1_20' title="bbox 233 1617 1721 1676; baseline -0.002 -13"><span class='ocrx_word' id='word_1_154' title='bbox 233 1622 370 1676; x_wconf 83' lang='lat' dir='ltr'><strong>liquos</strong></span> <span class='ocrx_word' id='word_1_155' title='bbox 401 1622 527 1661; x_wconf 85' lang='lat' dir='ltr'><strong>habet</strong></span> <span class='ocrx_word' id='word_1_156' title='bbox 557 1621 711 1662; x_wconf 80' lang='lat' dir='ltr'><strong>Athen.</strong></span> <span class='ocrx_word' id='word_1_157' title='bbox 745 1621 804 1662; x_wconf 89' lang='lat' dir='ltr'><strong>Xl</strong></span> <span class='ocrx_word' id='word_1_158' title='bbox 835 1635 877 1674; x_wconf 90' lang='lat' dir='ltr'><strong>p.</strong></span> <span class='ocrx_word' id='word_1_159' title='bbox 907 1622 1056 1662; x_wconf 79' lang='lat' dir='ltr'><strong>487e:</strong></span> <span class='ocrx_word' id='word_1_160' title='bbox 1087 1619 1286 1661; x_wconf 72' lang='grc' dir='ltr'><em>καλεῖται</em></span> <span class='ocrx_word' id='word_1_161' title='bbox 1315 1619 1362 1660; x_wconf 78' lang='grc' dir='ltr'><strong>δὲ</strong></span> <span class='ocrx_word' id='word_1_162' title='bbox 1391 1617 1536 1673; x_wconf 78' lang='grc' dir='ltr'><em>μάνης</em></span> <span class='ocrx_word' id='word_1_163' title='bbox 1564 1621 1639 1661; x_wconf 86' lang='grc' dir='ltr'><em>καὶ</em></span> <span class='ocrx_word' id='word_1_164' title='bbox 1668 1619 1721 1661; x_wconf 86' lang='grc' dir='ltr'><strong>τὸ</strong></span> 
     </span>
     <span class='ocr_line' id='line_1_21' title="bbox 233 1683 1724 1749; baseline -0.001 -16"><span class='ocrx_word' id='word_1_165' title='bbox 233 1690 307 1734; x_wconf 76' lang='grc' dir='ltr'><strong>ἐπὶ</strong></span> <span class='ocrx_word' id='word_1_166' title='bbox 325 1689 406 1732; x_wconf 85' lang='grc' dir='ltr'><strong>τοῦ</strong></span> <span class='ocrx_word' id='word_1_167' title='bbox 428 1687 650 1744; x_wconf 79' lang='grc' dir='ltr'><em>κοττάβου</em></span> <span class='ocrx_word' id='word_1_168' title='bbox 679 1686 930 1747; x_wconf 64' lang='grc' dir='ltr'><em>ἐφεστηκός</em></span> <span class='ocrx_word' id='word_1_169' title='bbox 961 1688 1037 1747; x_wconf 78' lang='grc' dir='ltr'><strong>ἐφ’</strong></span> <span class='ocrx_word' id='word_1_170' title='bbox 1068 1683 1122 1733; x_wconf 83' lang='grc' dir='ltr'><strong>οὗ</strong></span> <span class='ocrx_word' id='word_1_171' title='bbox 1151 1690 1228 1741; x_wconf 83' lang='grc' dir='ltr'><strong>τὰς</strong></span> <span class='ocrx_word' id='word_1_172' title='bbox 1256 1687 1455 1744; x_wconf 78' lang='grc' dir='ltr'><em>λάταγας</em></span> <span class='ocrx_word' id='word_1_173' title='bbox 1485 1691 1532 1732; x_wconf 77' lang='grc' dir='ltr'><strong>ἐν</strong></span> <span class='ocrx_word' id='word_1_174' title='bbox 1560 1690 1724 1749; x_wconf 70' lang='grc' dir='ltr'><em>παιδιᾷ</em></span> 
     </span>
     <span class='ocr_line' id='line_1_22' title="bbox 234 1756 1723 1818; baseline -0.001 -12"><span class='ocrx_word' id='word_1_175' title='bbox 234 1762 444 1818; x_wconf 78' lang='grc' dir='ltr'><em>ἔπεμπον.</em></span> <span class='ocrx_word' id='word_1_176' title='bbox 472 1756 811 1818; x_wconf 76' lang='grc' dir='ltr'><em>-Ἕρμιππος</em></span> <span class='ocrx_word' id='word_1_177' title='bbox 841 1759 1039 1818; x_wconf 80' lang='grc' dir='ltr'><em>Μοίραις</em></span> <span class='ocrx_word' id='word_1_178' title='bbox 1073 1759 1276 1818; x_wconf 75' lang='grc' dir='ltr'><em>Ῥάβδον</em></span> <span class='ocrx_word' id='word_1_179' title='bbox 1300 1759 1347 1804; x_wconf 91' lang='lat'><em>3</em></span> <span class='ocrx_word' id='word_1_180' title='bbox 1380 1760 1485 1817; x_wconf 74' lang='grc' dir='ltr'><strong>ὄψει</strong></span> <span class='ocrx_word' id='word_1_181' title='bbox 1515 1775 1596 1814; x_wconf 68' lang='grc' dir='ltr'><strong>την</strong></span> <span class='ocrx_word' id='word_1_182' title='bbox 1623 1776 1723 1804; x_wconf 85' lang='grc' dir='ltr'><em>κοτ-</em></span> 
     </span>
     <span class='ocr_line' id='line_1_23' title="bbox 232 1831 1723 1890; baseline -0.001 -13"><span class='ocrx_word' id='word_1_183' title='bbox 232 1831 423 1889; x_wconf 75' lang='grc' dir='ltr'><em>ταβικήν</em></span> <span class='ocrx_word' id='word_1_184' title='bbox 459 1833 549 1876; x_wconf 81' lang='grc' dir='ltr'><em>κτλ.</em></span> <span class='ocrx_word' id='word_1_185' title='bbox 620 1837 684 1877; x_wconf 85' lang='lat' dir='ltr'><strong>Ex</strong></span> <span class='ocrx_word' id='word_1_186' title='bbox 711 1836 936 1890; x_wconf 18' lang='lat' dir='ltr'><strong>*Hermippi</strong></span> <span class='ocrx_word' id='word_1_187' title='bbox 965 1834 1179 1878; x_wconf 82' lang='lat' dir='ltr'><em>Militibus</em></span> <span class='ocrx_word' id='word_1_188' title='bbox 1209 1849 1374 1878; x_wconf 88' lang='lat' dir='ltr'><strong>versum</strong></span> <span class='ocrx_word' id='word_1_189' title='bbox 1405 1836 1431 1876; x_wconf 85' lang='lat'>5</span> <span class='ocrx_word' id='word_1_190' title='bbox 1462 1841 1505 1876; x_wconf 85' lang='lat' dir='ltr'><strong>et</strong></span> <span class='ocrx_word' id='word_1_191' title='bbox 1535 1837 1561 1876; x_wconf 82' lang='lat'><strong>6</strong></span> <span class='ocrx_word' id='word_1_192' title='bbox 1599 1835 1723 1876; x_wconf 80' lang='lat' dir='ltr'><strong>affert</strong></span> 
     </span>
     <span class='ocr_line' id='line_1_24' title="bbox 233 1907 1721 1962; baseline -0.001 -10"><span class='ocrx_word' id='word_1_193' title='bbox 233 1909 367 1952; x_wconf 79' lang='lat' dir='ltr'><strong>schol.</strong></span> <span class='ocrx_word' id='word_1_194' title='bbox 412 1907 628 1961; x_wconf 84' lang='lat' dir='ltr'><strong>Aristoph.</strong></span> <span class='ocrx_word' id='word_1_195' title='bbox 668 1908 765 1948; x_wconf 83' lang='lat' dir='ltr'><strong>Pac.</strong></span> <span class='ocrx_word' id='word_1_196' title='bbox 799 1908 924 1958; x_wconf 84' lang='lat'><strong>1241,</strong></span> <span class='ocrx_word' id='word_1_197' title='bbox 967 1909 1103 1961; x_wconf 87' lang='lat' dir='ltr'><strong>quode</strong></span> <span class='ocrx_word' id='word_1_198' title='bbox 1143 1909 1237 1949; x_wconf 75' lang='lat' dir='ltr'><strong>vide</strong></span> <span class='ocrx_word' id='word_1_199' title='bbox 1278 1922 1384 1962; x_wconf 82' lang='lat' dir='ltr'><strong>quae</strong></span> <span class='ocrx_word' id='word_1_200' title='bbox 1422 1908 1531 1948; x_wconf 85' lang='lat' dir='ltr'><strong>infra</strong></span> <span class='ocrx_word' id='word_1_201' title='bbox 1574 1908 1721 1950; x_wconf 80' lang='lat' dir='ltr'><strong>dicam.</strong></span> 
     </span>
     <span class='ocr_line' id='line_1_25' title="bbox 232 1974 1722 2029; baseline -0.001 -7"><span class='ocrx_word' id='word_1_202' title='bbox 232 1980 318 2022; x_wconf 84' lang='lat' dir='ltr'><strong>Pro</strong></span> <span class='ocrx_word' id='word_1_203' title='bbox 339 1977 502 2029; x_wconf 84' lang='grc' dir='ltr'><em>Μανῆς</em></span> <span class='ocrx_word' id='word_1_204' title='bbox 517 1979 707 2020; x_wconf 85' lang='lat' dir='ltr'><strong>Dindorf.</strong></span> <span class='ocrx_word' id='word_1_205' title='bbox 741 1993 791 2020; x_wconf 88' lang='lat' dir='ltr'><strong>ex</strong></span> <span class='ocrx_word' id='word_1_206' title='bbox 822 1980 953 2019; x_wconf 80' lang='lat' dir='ltr'><strong>altero</strong></span> <span class='ocrx_word' id='word_1_207' title='bbox 973 1981 1180 2021; x_wconf 83' lang='lat' dir='ltr'><strong>Athenaei</strong></span> <span class='ocrx_word' id='word_1_208' title='bbox 1210 1981 1301 2020; x_wconf 86' lang='lat' dir='ltr'>loco</span> <span class='ocrx_word' id='word_1_209' title='bbox 1319 1974 1495 2028; x_wconf 76' lang='grc' dir='ltr'><em>Μάνης.</em></span> <span class='ocrx_word' id='word_1_210' title='bbox 1538 1980 1592 2019; x_wconf 78' lang='lat' dir='ltr'><strong>Et</strong></span> <span class='ocrx_word' id='word_1_211' title='bbox 1621 1992 1722 2020; x_wconf 85' lang='lat' dir='ltr'><strong>sane</strong></span> 
     </span>
     <span class='ocr_line' id='line_1_26' title="bbox 233 2046 1721 2104; baseline -0.001 -11"><span class='ocrx_word' id='word_1_212' title='bbox 233 2066 283 2094; x_wconf 78' lang='lat' dir='ltr'><strong>ea</strong></span> <span class='ocrx_word' id='word_1_213' title='bbox 308 2053 401 2093; x_wconf 80' lang='lat' dir='ltr'><strong>fere</strong></span> <span class='ocrx_word' id='word_1_214' title='bbox 433 2057 626 2091; x_wconf 82' lang='lat' dir='ltr'><strong>constans</strong></span> <span class='ocrx_word' id='word_1_215' title='bbox 655 2055 720 2091; x_wconf 84' lang='lat' dir='ltr'><strong>est</strong></span> <span class='ocrx_word' id='word_1_216' title='bbox 742 2046 928 2098; x_wconf 83' lang='grc' dir='ltr'><em>τόνωσις</em></span> <span class='ocrx_word' id='word_1_217' title='bbox 955 2052 997 2091; x_wconf 82' lang='grc' dir='ltr'><strong>ἰη</strong></span> <span class='ocrx_word' id='word_1_218' title='bbox 1029 2053 1143 2092; x_wconf 85' lang='lat' dir='ltr'><strong>libris</strong></span> <span class='ocrx_word' id='word_1_219' title='bbox 1156 2051 1460 2104; x_wconf 77' lang='lat' dir='ltr'><strong>Aristophanis,</strong></span> <span class='ocrx_word' id='word_1_220' title='bbox 1492 2052 1608 2091; x_wconf 85' lang='lat' dir='ltr'><strong>cuius</strong></span> <span class='ocrx_word' id='word_1_221' title='bbox 1627 2051 1721 2091; x_wconf 84' lang='lat' dir='ltr'><strong>vide</strong></span> 
     </span>
     <span class='ocr_line' id='line_1_27' title="bbox 231 2122 1720 2174; baseline -0.002 -9"><span class='ocrx_word' id='word_1_222' title='bbox 231 2126 308 2166; x_wconf 88' lang='lat' dir='ltr'><strong>Av.</strong></span> <span class='ocrx_word' id='word_1_223' title='bbox 337 2124 436 2164; x_wconf 80' lang='lat'><strong>523.</strong></span> <span class='ocrx_word' id='word_1_224' title='bbox 469 2123 594 2162; x_wconf 82' lang='lat'><strong>1311.</strong></span> <span class='ocrx_word' id='word_1_225' title='bbox 627 2122 752 2161; x_wconf 74' lang='lat'><strong>1329.</strong></span> <span class='ocrx_word' id='word_1_226' title='bbox 785 2122 881 2174; x_wconf 81' lang='lat' dir='ltr'><strong>Lys.</strong></span> <span class='ocrx_word' id='word_1_227' title='bbox 915 2123 1025 2162; x_wconf 75' lang='lat'><strong>1213</strong></span> <span class='ocrx_word' id='word_1_228' title='bbox 1057 2127 1099 2161; x_wconf 83' lang='lat' dir='ltr'><strong>ct</strong></span> <span class='ocrx_word' id='word_1_229' title='bbox 1130 2122 1382 2163; x_wconf 83' lang='lat' dir='ltr'><strong>Pac.·1146.</strong></span> <span class='ocrx_word' id='word_1_230' title='bbox 1452 2122 1556 2160; x_wconf 82' lang='lat' dir='ltr'><strong>Rem</strong></span> <span class='ocrx_word' id='word_1_231' title='bbox 1587 2122 1720 2174; x_wconf 78' lang='lat' dir='ltr'><strong>ipsam</strong></span> 
     </span>
     <span class='ocr_line' id='line_1_28' title="bbox 230 2192 1719 2250; baseline -0.003 -14"><span class='ocrx_word' id='word_1_232' title='bbox 230 2201 400 2250; x_wconf 87' lang='lat' dir='ltr'><strong>praeter</strong></span> <span class='ocrx_word' id='word_1_233' title='bbox 431 2195 691 2236; x_wconf 83' lang='lat' dir='ltr'><strong>Athenaeum</strong></span> <span class='ocrx_word' id='word_1_234' title='bbox 724 2199 766 2233; x_wconf 85' lang='lat' dir='ltr'><strong>et</strong></span> <span class='ocrx_word' id='word_1_235' title='bbox 796 2193 928 2234; x_wconf 82' lang='lat' dir='ltr'><strong>schol.</strong></span> <span class='ocrx_word' id='word_1_236' title='bbox 958 2193 1171 2246; x_wconf 85' lang='lat' dir='ltr'><strong>Aristoph.</strong></span> <span class='ocrx_word' id='word_1_237' title='bbox 1203 2193 1275 2233; x_wconf 85' lang='lat'><strong>1.1.</strong></span> <span class='ocrx_word' id='word_1_238' title='bbox 1304 2192 1487 2232; x_wconf 83' lang='lat' dir='ltr'><strong>illustrat</strong></span> <span class='ocrx_word' id='word_1_239' title='bbox 1517 2193 1719 2246; x_wconf 85' lang='lat' dir='ltr'><strong>Antipha-</strong></span> 
     </span>
     <span class='ocr_line' id='line_1_29' title="bbox 231 2257 1786 2321; baseline -0.005 -12"><span class='ocrx_word' id='word_1_240' title='bbox 231 2282 306 2309; x_wconf 83' lang='lat' dir='ltr'><strong>nes</strong></span> <span class='ocrx_word' id='word_1_241' title='bbox 330 2267 483 2309; x_wconf 88' lang='lat' dir='ltr'><strong>Athen.</strong></span> <span class='ocrx_word' id='word_1_242' title='bbox 500 2280 540 2319; x_wconf 88' lang='lat' dir='ltr'><strong>p.</strong></span> <span class='ocrx_word' id='word_1_243' title='bbox 556 2266 637 2305; x_wconf 82' lang='lat'><strong>667</strong></span> <span class='ocrx_word' id='word_1_244' title='bbox 654 2279 699 2304; x_wconf 82' lang='lat' dir='ltr'><strong>a:</strong></span> <span class='ocrx_word' id='word_1_245' title='bbox 729 2260 931 2320; x_wconf 64' lang='grc' dir='ltr'><em>κοττάβῳ</em></span> <span class='ocrx_word' id='word_1_246' title='bbox 962 2259 1172 2318; x_wconf 67' lang='grc' dir='ltr'><em>πρόσεστι</em></span> <span class='ocrx_word' id='word_1_247' title='bbox 1202 2263 1277 2303; x_wconf 82' lang='grc' dir='ltr'><em>καὶ</em></span> <span class='ocrx_word' id='word_1_248' title='bbox 1306 2258 1450 2317; x_wconf 87' lang='grc' dir='ltr'><em>μάνης</em></span> <span class='ocrx_word' id='word_1_249' title='bbox 1479 2277 1546 2311; x_wconf 82' lang='grc' dir='ltr'><strong>τις</strong></span> <span class='ocrx_word' id='word_1_250' title='bbox 1571 2257 1719 2319; x_wconf 69' lang='grc' dir='ltr'><em>ὥσπερ</em></span> <span class='ocrx_word' id='word_1_251' title='bbox 1783 2314 1786 2321; x_wconf 62' lang='lat'><strong>-,</strong></span> 
     </span>
    </p>
   </div>
   <div class='ocr_carea' id='block_1_6' title="bbox 231 2331 1786 2390">
    <p class='ocr_par' dir='ltr' id='par_1_6' title="bbox 231 2331 1786 2390">
     <span class='ocr_line' id='line_1_30' title="bbox 231 2331 1786 2390; baseline -0.003 -12"><span class='ocrx_word' id='word_1_252' title='bbox 231 2332 422 2390; x_wconf 69' lang='grc' dir='ltr'><em>οἰκέτης,</em></span> <span class='ocrx_word' id='word_1_253' title='bbox 482 2338 663 2378; x_wconf 86' lang='lat' dir='ltr'><strong>Tzetzes</strong></span> <span class='ocrx_word' id='word_1_254' title='bbox 694 2336 803 2377; x_wconf 80' lang='lat' dir='ltr'><strong>Chii.</strong></span> <span class='ocrx_word' id='word_1_255' title='bbox 822 2336 881 2378; x_wconf 91' lang='lat' dir='ltr'><strong>VI</strong></span> <span class='ocrx_word' id='word_1_256' title='bbox 912 2337 1020 2376; x_wconf 83' lang='lat'>886:</span> <span class='ocrx_word' id='word_1_257' title='bbox 1052 2334 1100 2374; x_wconf 84' lang='grc' dir='ltr'><em>αὶ</em></span> <span class='ocrx_word' id='word_1_258' title='bbox 1131 2331 1386 2375; x_wconf 69' lang='grc' dir='ltr'><em>λεκανίσκαι</em></span> <span class='ocrx_word' id='word_1_259' title='bbox 1413 2337 1552 2388; x_wconf 75' lang='grc' dir='ltr'><em>μέσον</em></span> <span class='ocrx_word' id='word_1_260' title='bbox 1582 2334 1627 2374; x_wconf 75' lang='grc' dir='ltr'><strong>δὲ</strong></span> <span class='ocrx_word' id='word_1_261' title='bbox 1657 2333 1719 2375; x_wconf 66' lang='grc' dir='ltr'><strong>εί-</strong></span> <span class='ocrx_word' id='word_1_262' title='bbox 1783 2341 1786 2353; x_wconf 72' lang='lat'><strong><em>⁴</em></strong></span> 
     </span>
    </p>
   </div>
   <div class='ocr_carea' id='block_1_7' title="bbox 226 2401 1764 2820">
    <p class='ocr_par' dir='ltr' id='par_1_7' title="bbox 226 2401 1764 2820">
     <span class='ocr_line' id='line_1_31' title="bbox 226 2401 1714 2463; baseline -0.001 -14"><span class='ocrx_word' id='word_1_263' title='bbox 226 2421 309 2463; x_wconf 88' lang='grc' dir='ltr'><strong>χον</strong></span> <span class='ocrx_word' id='word_1_264' title='bbox 344 2403 731 2463; x_wconf 76' lang='grc' dir='ltr'><em>ἀνδριαντίσκους,</em></span> <span class='ocrx_word' id='word_1_265' title='bbox 773 2401 849 2455; x_wconf 68' lang='grc' dir='ltr'><strong>οὓς</strong></span> <span class='ocrx_word' id='word_1_266' title='bbox 877 2406 1024 2456; x_wconf 81' lang='grc' dir='ltr'><em>μανᾶς</em></span> <span class='ocrx_word' id='word_1_267' title='bbox 1061 2403 1289 2460; x_wconf 76' lang='grc' dir='ltr'><em>ωνομαζον</em></span> <span class='ocrx_word' id='word_1_268' title='bbox 1318 2406 1360 2447; x_wconf 87' lang='grc' dir='ltr'><strong>οὶ</strong></span> <span class='ocrx_word' id='word_1_269' title='bbox 1391 2403 1502 2447; x_wconf 82' lang='grc' dir='ltr'><em>τότε.</em></span> <span class='ocrx_word' id='word_1_270' title='bbox 1574 2407 1714 2448; x_wconf 82' lang='lat' dir='ltr'><strong>Schol.</strong></span> 
     </span>
     <span class='ocr_line' id='line_1_32' title="bbox 234 2473 1718 2533; baseline -0.005 -9"><span class='ocrx_word' id='word_1_271' title='bbox 234 2483 350 2523; x_wconf 82' lang='lat' dir='ltr'><strong>Iliad.</strong></span> <span class='ocrx_word' id='word_1_272' title='bbox 371 2483 406 2523; x_wconf 95' lang='lat' dir='ltr'>V</span> <span class='ocrx_word' id='word_1_273' title='bbox 438 2480 544 2520; x_wconf 82' lang='lat'><strong>185:</strong></span> <span class='ocrx_word' id='word_1_274' title='bbox 584 2476 797 2533; x_wconf 72' lang='grc' dir='ltr'><em>μετῆκται</em></span> <span class='ocrx_word' id='word_1_275' title='bbox 825 2477 903 2518; x_wconf 83' lang='grc' dir='ltr'><em>καὶ</em></span> <span class='ocrx_word' id='word_1_276' title='bbox 933 2476 992 2526; x_wconf 69' lang='grc' dir='ltr'><strong>εἴς</strong></span> <span class='ocrx_word' id='word_1_277' title='bbox 1027 2491 1068 2518; x_wconf 85' lang='grc' dir='ltr'><strong>τι</strong></span> <span class='ocrx_word' id='word_1_278' title='bbox 1099 2476 1330 2518; x_wconf 83' lang='grc' dir='ltr'><em>παικτικον</em></span> <span class='ocrx_word' id='word_1_279' title='bbox 1355 2475 1548 2532; x_wconf 78' lang='grc' dir='ltr'><em>χαλκοῦν</em></span> <span class='ocrx_word' id='word_1_280' title='bbox 1577 2473 1718 2531; x_wconf 81' lang='grc' dir='ltr'><em>πρόσ-</em></span> 
     </span>
     <span class='ocr_line' id='line_1_33' title="bbox 233 2543 1764 2604; baseline -0.002 -12"><span class='ocrx_word' id='word_1_281' title='bbox 233 2565 377 2604; x_wconf 81' lang='grc' dir='ltr'><em>ωπον,</em></span> <span class='ocrx_word' id='word_1_282' title='bbox 417 2545 447 2591; x_wconf 72' lang='grc' dir='ltr'><strong>δ’</strong></span> <span class='ocrx_word' id='word_1_283' title='bbox 473 2549 549 2591; x_wconf 86' lang='grc' dir='ltr'><em>καὶ</em></span> <span class='ocrx_word' id='word_1_284' title='bbox 579 2546 689 2590; x_wconf 82' lang='grc' dir='ltr'><em>αὐτὸ</em></span> <span class='ocrx_word' id='word_1_285' title='bbox 717 2545 866 2603; x_wconf 80' lang='grc' dir='ltr'><em>μάνην</em></span> <span class='ocrx_word' id='word_1_286' title='bbox 896 2546 1093 2591; x_wconf 74' lang='grc' dir='ltr'><em>ἐκάλουν.</em></span> <span class='ocrx_word' id='word_1_287' title='bbox 1161 2552 1270 2592; x_wconf 89' lang='lat' dir='ltr'><strong>Tum</strong></span> <span class='ocrx_word' id='word_1_288' title='bbox 1300 2546 1504 2602; x_wconf 77' lang='grc' dir='ltr'><em>λατάγων</em></span> <span class='ocrx_word' id='word_1_289' title='bbox 1533 2543 1621 2587; x_wconf 68' lang='grc' dir='ltr'><strong>ἀΐει</strong></span> <span class='ocrx_word' id='word_1_290' title='bbox 1652 2550 1716 2589; x_wconf 77' lang='lat' dir='ltr'><strong>Ia·</strong></span> <span class='ocrx_word' id='word_1_291' title='bbox 1760 2546 1764 2551; x_wconf 40' lang='lat'><em>¹</em></span> 
     </span>
     <span class='ocr_line' id='line_1_34' title="bbox 232 2616 1713 2674; baseline -0.003 -9"><span class='ocrx_word' id='word_1_292' title='bbox 232 2625 411 2665; x_wconf 82' lang='lat' dir='ltr'><strong>cobsius.</strong></span> <span class='ocrx_word' id='word_1_293' title='bbox 451 2624 488 2664; x_wconf 89' lang='lat' dir='ltr'><strong>A</strong></span> <span class='ocrx_word' id='word_1_294' title='bbox 516 2620 753 2674; x_wconf 80' lang='grc' dir='ltr'><em>λαταγωνα</em></span> <span class='ocrx_word' id='word_1_295' title='bbox 784 2634 837 2660; x_wconf 70' lang='grc' dir='ltr'><strong>ιι.</strong></span> <span class='ocrx_word' id='word_1_296' title='bbox 873 2621 906 2660; x_wconf 96' lang='grc' dir='ltr'>Β</span> <span class='ocrx_word' id='word_1_297' title='bbox 939 2618 1147 2672; x_wconf 71' lang='grc' dir='ltr'><em>λαταγῶν</em></span> <span class='ocrx_word' id='word_1_298' title='bbox 1176 2616 1277 2661; x_wconf 68' lang='grc' dir='ltr'><em>αι’-εί.</em></span> <span class='ocrx_word' id='word_1_299' title='bbox 1339 2621 1540 2661; x_wconf 81' lang='lat' dir='ltr'><strong>Similiter</strong></span> <span class='ocrx_word' id='word_1_300' title='bbox 1569 2621 1713 2660; x_wconf 85' lang='lat' dir='ltr'><strong>ceteri.</strong></span> 
     </span>
     <span class='ocr_line' id='line_1_35' title="bbox 231 2686 1714 2746; baseline -0.003 -10"><span class='ocrx_word' id='word_1_301' title='bbox 231 2720 286 2726; x_wconf 90' lang='lat'><strong>—-</strong></span> <span class='ocrx_word' id='word_1_302' title='bbox 334 2694 407 2736; x_wconf 85' lang='lat' dir='ltr'><strong>Vs.</strong></span> <span class='ocrx_word' id='word_1_303' title='bbox 437 2696 465 2733; x_wconf 85' lang='lat'>8</span> <span class='ocrx_word' id='word_1_304' title='bbox 514 2689 708 2742; x_wconf 81' lang='grc' dir='ltr'><em>κηπαίας</em></span> <span class='ocrx_word' id='word_1_305' title='bbox 749 2705 805 2733; x_wconf 86' lang='lat' dir='ltr'><strong>sc.</strong></span> <span class='ocrx_word' id='word_1_306' title='bbox 849 2686 1016 2746; x_wconf 69' lang='grc' dir='ltr'><em>θύρας,</em></span> <span class='ocrx_word' id='word_1_307' title='bbox 1057 2705 1179 2744; x_wconf 84' lang='lat' dir='ltr'><strong>quam</strong></span> <span class='ocrx_word' id='word_1_308' title='bbox 1221 2691 1436 2732; x_wconf 89' lang='lat' dir='ltr'><strong>Demosth.</strong></span> <span class='ocrx_word' id='word_1_309' title='bbox 1479 2705 1514 2731; x_wconf 90' lang='lat' dir='ltr'><strong>c.</strong></span> <span class='ocrx_word' id='word_1_310' title='bbox 1556 2692 1714 2744; x_wconf 81' lang='lat' dir='ltr'><strong>Euerg.</strong></span> 
     </span>
     <span class='ocr_line' id='line_1_36' title="bbox 231 2757 1615 2820; baseline -0.002 -14"><span class='ocrx_word' id='word_1_311' title='bbox 231 2780 273 2820; x_wconf 88' lang='lat' dir='ltr'><strong>p.</strong></span> <span class='ocrx_word' id='word_1_312' title='bbox 305 2763 417 2806; x_wconf 84' lang='lat'>1155</span> <span class='ocrx_word' id='word_1_313' title='bbox 447 2764 551 2804; x_wconf 79' lang='lat' dir='ltr'><strong>Rsk.</strong></span> <span class='ocrx_word' id='word_1_314' title='bbox 581 2764 683 2805; x_wconf 83' lang='lat' dir='ltr'><strong>dicit</strong></span> <span class='ocrx_word' id='word_1_315' title='bbox 713 2759 794 2813; x_wconf 84' lang='grc' dir='ltr'><strong>τὴν</strong></span> <span class='ocrx_word' id='word_1_316' title='bbox 822 2757 975 2818; x_wconf 77' lang='grc' dir='ltr'><em>θύραν</em></span> <span class='ocrx_word' id='word_1_317' title='bbox 1005 2758 1089 2809; x_wconf 71' lang='grc' dir='ltr'><strong>τὴν</strong></span> <span class='ocrx_word' id='word_1_318' title='bbox 1116 2757 1177 2809; x_wconf 69' lang='grc' dir='ltr'><strong>εἰς</strong></span> <span class='ocrx_word' id='word_1_319' title='bbox 1204 2759 1347 2812; x_wconf 81' lang='grc' dir='ltr'><em>κῆπον</em></span> <span class='ocrx_word' id='word_1_320' title='bbox 1375 2760 1615 2817; x_wconf 76' lang='grc' dir='ltr'><em>φέρουσαν.</em></span> 
     </span>
    </p>
   </div>
  </div>
 </body>
</html>
