1786 3210
586 175 660 220 ΟΔ
670 178 892 225 ΥΣΣΗΣ.
1427 187 1510 230 101

63 300 77 313 ²
112 297 230 335 recte
261 294 344 336 Th.
374 294 580 349 Bergkius
619 295 853 338 Comment.
895 309 937 351 p.
970 297 1055 338 160
1094 301 1137 338 et
1177 311 1228 339 ex
1268 303 1389 352 parte
1427 303 1510 345 iam

47 365 259 408 'unkelius
332 366 463 408 Iidem
501 367 610 408 haec
640 381 690 409 ex
721 368 868 410 ultima
898 369 1068 410 fabulae
1100 374 1219 423 parte
1248 372 1381 425 petita
1413 387 1509 416 esse

35 438 216 481 iderunt.
285 438 360 481 Vs.
391 438 414 478 1
447 449 528 478 νυν
556 441 796 494 corripitur,
827 441 954 482 unico
987 442 1100 495 quod
1132 443 1260 484 eciam
1293 444 1406 497 apud
1437 459 1509 487 co-

54 511 142 551 icos
172 510 387 563 exemp103
426 523 520 551 nam
559 512 669 565 apud
700 513 915 567 Aristoph.
947 513 1123 556 Thesm.
1156 515 1253 567 1⁰3,
1285 516 1357 570 qui
1386 516 1508 559 locus

27 588 69 626 ta
98 582 414 637 distinguendus
445 582 639 623 videtur:

346 649 435 693 τίνι
466 649 694 708 δαιμόνων
724 649 749 695 ὁ
778 652 952 710 κῶμος,-

347 722 441 775 λέγε
472 736 572 765 νυν·
602 721 822 776 εὐπίστως
853 725 900 768 δὲ
931 722 1100 781 τούμὸν

350 792 575 850 δαίμονας
607 793 693 852 ἔχει
723 795 917 852 σεβίσαι,

47 867 240 921 gathonis
269 869 396 908 verba
426 869 644 921 habemus,
676 885 759 913 non
777 871 1084 925 Aristophanis.
1130 870 1216 915 Sed
1244 868 1427 927 fortasse
1455 883 1510 911 ne

38 940 76 980 ic
106 940 275 992 quidem
305 950 386 979 νυν
414 942 695 993 scribendum,
725 943 802 983 sed
832 954 915 982 νιν.
948 968 1005 976 —-
1035 943 1106 986 Vs.
1127 943 1154 983 3
1185 942 1344 982 frustra
1378 943 1508 982 Bent-

25 1011 116 1051 eius
144 1012 279 1065 Epist.
310 1013 363 1051 ad
394 1012 618 1054 Kusternm
650 1028 692 1068 p.
724 1015 807 1055 606
839 1014 964 1055 Dind.
1006 1018 1049 1055 et
1088 1015 1158 1055 alii
1197 1010 1244 1053 δὲ
1274 1018 1370 1068 post
1398 1008 1508 1067 ἡμῖν

10 1082 275 1126 deleverunt.
307 1084 395 1126 cfr.
426 1085 634 1138 Bergkius
664 1086 693 1127 1.
725 1086 755 1126 Ι.
784 1100 825 1140 p.
857 1087 954 1128 161.
987 1087 1070 1128 Pro
1101 1081 1218 1142 θείῳ
1246 1086 1508 1128 Homericus

38 1167 109 1198 eus
138 1156 316 1210 requirit
348 1151 442 1214 δίῳ.
503 1157 588 1199 Sed
619 1158 724 1200 nihil
756 1158 1002 1201 mutandum
1033 1159 1213 1201 videtur.

706 1331 821 1374 XVI.

349 1439 556 1500 Νεοχμόν
583 1459 626 1487 τι
656 1443 897 1502 παοῆχθαι
927 1439 1134 1499 ἄθυρμα.

123 1582 272 1626 Suidas
302 1586 384 1628 vol.
417 1588 507 1643 ip.
537 1589 607 1630 75.
648 1583 902 1645 ”Λθυρμα;
934 1583 1146 1642 παίγνιον
1179 1614 1234 1620 —-
1272 1583 1503 1640 Κρατῖνος

0 1696 1 1710 ¹
7 1644 306 1697 Ὀδυσσεῦσιν
335 1655 542 1714 Άεοχμόν
571 1674 615 1701 τι
646 1660 884 1716 παρῆχθαι
917 1656 1123 1714 ἄθυρμα
1190 1660 1324 1699 Recte
1354 1670 1397 1697 τι
1431 1658 1506 1699 ad-

0 1714 114 1771 &didit
127 1729 351 1772 Elmslems
369 1733 420 1772 ad
435 1734 648 1787 Euripldls
666 1734 781 1774 Med.
797 1748 838 1787 p.
853 1734 951 1774 268.
999 1733 1083 1774 Sed
1101 1732 1236 1772 minus
1256 1730 1506 1770 recteidem

0 1807 173 1858 §partem
203 1805 457 1856 anapaestici
488 1806 721 1846 tetrametri
761 1819 854 1845 esse
895 1806 1116 1846 existimat.
1188 1802 1507 1843 Paroemiacum

0 1880 104 1915 sense
135 1888 186 1915 ex
226 1875 371 1916 eadem
413 1876 581 1917 fabulae
619 1882 763 1930 parte,
803 1891 853 1918 ex
885 1890 966 1930 qua
1003 1876 1285 1930 fragmentum
1315 1874 1395 1916 XV
1430 1886 1507 1927 pe-

0 1945 130 1988 ?titum
161 1950 238 1997 est,
268 1947 464 1989 indicavit
495 1949 578 1990 Th.
609 1950 814 2004 Bergkius
846 1951 1079 1990 Commeut.
1098 1962 1139 2001 p.
1157 1947 1254 1996 161,
1285 1950 1402 1986 recte
1432 1945 1506 1985 ine

0 2030 206 2069 monens,
250 2016 518 2060 chori‘haec
570 2022 698 2061 verba
742 2035 836 2062 esse
882 2022 934 2061 de
980 2021 1199 2061 orchestra
1246 2018 1505 2059 decedentis.

14 2088 158 2142 ltaque
197 2084 387 2144 ἄθυρμα
433 2092 565 2144 ipsam
614 2092 724 2133 hanc
765 2106 882 2133 suam
922 2091 1254 2133 fabulam·dicit
1295 2090 1504 2139 Cratinus,

15 2172 96 2216 qua
126 2174 272 2202 novam
304 2162 627 2203 oblectationem
660 2178 708 2205 se
740 2166 1046 2218 spectatoribus
1078 2163 1266 2204 attulisse
1285 2162 1504 2215 gloriatur.

17 2230 106 2272 crr.
141 2243 265 2284 supra
301 2247 342 2287 p.
374 2234 444 2275 93.
521 2236 723 2277 Similiter
770 2233 926 2276 καινὸν
968 2229 1258 2289 ἀθυρμάτιον
1308 2231 1368 2273 ‹le'
1413 2246 1503 2274 ser-

18 2314 142 2342 mone
184 2305 298 2344 novis
336 2310 379 2346 et
414 2305 577 2347 festivis
615 2309 770 2348 salibus
802 2309 968 2348 condito
1002 2308 1103 2348 dixit
1133 2306 1389 2347 Philoxenus
1421 2305 1504 2357 cy-

17 2372 176 2413 therius
206 2375 314 2427 apud
344 2377 500 2418 Athen.
530 2378 630 2419 XIV
660 2393 700 2431 p.
734 2379 874 2419 64:312:
915 2374 1034 2419 ἔνθα
1075 2390 1122 2417 τι
1153 2372 1308 2417 καινὸν
1339 2373 1503 2429 ἐλέχθη

14 2441 195 2498 κομψὸν
230 2440 519 2502 ἀθυρμάτιον
563 2446 637 2487 καὶ
686 2443 964 2501 ἐθαύμασαν
1012 2443 1151 2499 αὐτὸ,
1199 2441 1352 2488 ἑπειτ’
1396 2442 1503 2504 ᾔνη-

14 2526 117 2557 σαν.
184 2518 302 2570 Quae
339 2518 397 2560 ita
434 2519 680 2573 corrigenda
710 2521 924 2571 videntur,
955 2515 1233 2575 ἐθαύμασαν
1272 2513 1387 2559 αὕτ’
1428 2515 1503 2559 ἐπί

16 2580 62 2627 τ’
93 2581 269 2644 ᾔνεσαν.

131 2659 319 2714 Denique
360 2662 678 2716 haudquaquam
715 2663 931 2717 indignum
970 2667 1202 2705 memoratu
1248 2667 1335 2712 est,
1376 2675 1501 2716 quem

23 2729 231 2784 Diogenen
247 2732 384 2774 Laert.
401 2735 478 2776 V11
507 2735 591 2775 163
620 2737 747 2776 tacito
777 2736 959 2776 auctoris
984 2736 1153 2777 nomine
1177 2735 1302 2776 affert
1318 2747 1500 2784 versum,

106 2795 173 2850 τίς
201 2798 248 2843 δέ
277 2801 323 2846 σ’
352 2799 626 2862 ἐτύφλωσενς
656 2802 722 2855 τίς
750 2801 958 2861 ἀφείλετο
992 2802 1228 2863 λαμπάδος
1259 2800 1419 2859 αὐγάςς
