1786 3210
676 176 913 222 AAMJA.
1454 184 1541 227 241

47 291 158 351 ὑπὲρ
186 284 240 346 ἧς
269 290 294 335 6
325 288 508 351 Κράτης
537 291 650 348 λέγει
678 291 726 334 ἐν
753 287 975 351 ὁμωνύμῳ
1005 288 1214 350 δράματι,
1248 287 1318 336 ὅτι
1349 294 1543 340 σκυτά-

46 367 154 419 λην
182 363 363 422 ἔχουσ’
396 364 668 422 ἐπέρδετο.
709 367 849 409 Verba
878 367 995 408 uncis
1023 366 1185 408 inclusa
1215 380 1266 408 ex
1297 371 1542 413 coniectura

49 441 190 483 addidi
220 445 263 480 et
294 434 476 495 Κράτης
504 439 651 492 scripsi
680 451 757 492 pro
799 439 913 479 edito
949 433 1237 493 Φερεκράτης.
1307 440 1396 481 Cfr.
1428 442 1541 485 Hist.

48 514 140 555 crit.
183 527 225 566 p.
254 511 323 552 65.
391 511 551 552 Risisse
589 511 756 551 videtur
799 511 1100 565 Aristophanes
1138 510 1221 551 hoc
1260 511 1443 553 Cratetis
1487 513 1543 554 de

47 585 192 626 Lamia
220 585 466 636 figmentum
497 595 625 635 quum
654 583 697 623 in
727 582 891 624 Eccles.
921 583 951 623 l.
976 583 1005 624 Ι.
1035 586 1124 623 tum
1154 582 1197 623 in
1229 582 1381 637 Vespis
1410 583 1540 636 1175,

47 657 120 698 ubi
151 655 360 698 Philocles
390 655 551 696 facetos
582 667 798 695 sermones
827 667 1065 709 proponere
1094 654 1231 695 iussus
1261 654 1319 696 ita
1347 655 1525 711 incipit:

273 722 449 781 πρῶτον
477 726 558 778 μὲν
586 720 644 773 ὠς
674 720 700 775 ἡ
730 720 883 779 Λάμι’
917 720 1075 766 ἁλοῦσ’
1109 722 1339 780 ἐπέρδετο·

273 794 426 839 ἔπειτα
456 791 506 836 δ’
537 791 595 845 ὥς
625 791 650 837 ὁ
680 793 956 852 Καρδοπίων
986 793 1069 847 τὴν
1097 795 1283 850 μητέρα.

47 872 209 926 Quibus
247 871 475 924 Bdelycleo
515 869 763 923 respondet,
808 864 872 923 μή
920 865 1048 923 μοίγε
1083 863 1265 922 μύθους
1302 863 1418 908 ἀλλὰ
1454 865 1544 910 τῶν

46 937 352 997 ἀνθρωπίνων
382 944 436 993 *).
502 941 580 982 His
623 941 682 982 uti
723 941 927 983 debebam
964 941 1075 982 Hist.
1118 940 1209 981 crit.
1239 953 1281 994 p.
1311 941 1382 982 60.
1451 942 1542 983 Nec

47 1015 191 1056 dubito
232 1014 332 1067 quin
369 1013 495 1055 etiam
536 1012 642 1054 illud
680 1013 733 1054 de
763 1013 1028 1067 Cardopione
1059 1025 1110 1054 ex
1140 1012 1396 1054 Pherecrate
1426 1012 1541 1055 deri-

46 1091 186 1128 vatum
214 1089 294 1127 est.

762 1190 817 1232 ll.

302 1270 428 1326 ’Έπη
459 1268 662 1331 τριπήχη
683 1270 957 1324 Θετταλικῶς
986 1273 1252 1330 τετμημένα.

160 1376 405 1433 Athenaeus
434 1389 472 1430 X
503 1403 545 1443 p.
568 1389 653 1430 418
669 1402 714 1430 c:
754 1380 824 1430 ὅτι
859 1386 906 1429 δὲ
933 1387 1011 1429 καὶ
1040 1383 1201 1438 πάντες
1236 1386 1453 1431 Θετταλοὶ
1481 1388 1542 1441 ὡς

0 1480 1 1511 3
46 1455 299 1517 πολυφάγοι
341 1457 642 1513 διεβάλλοντο,
674 1456 856 1515 Κράτης
894 1459 1038 1515 φησὶν
1067 1458 1114 1499 ἐν
1141 1457 1303 1518 Λαμίᾳ
1326 1457 1449 1514 ’Έπη
1483 1458 1540 1497 ’-

0 1517 1 1559 {
45 1531 310 1589 τετμημένα.
370 1528 502 1571 τοῦτο
533 1527 582 1568 δ’
612 1521 733 1571 εἶπεν
760 1527 818 1581 ὠς
848 1530 937 1572 τῶν
971 1529 1207 1571 Θετταλῶν
1235 1527 1408 1585 μεγάλα
1435 1533 1543 1589 κρέα

45 1600 311 1660 τεμνόντων.
382 1603 446 1644 lta
485 1604 757 1645 Casaubonus
795 1617 871 1658 pro
911 1599 1018 1644 ἐπεί.
1085 1605 1291 1657 Apertum
1329 1612 1394 1648 est
1433 1607 1541 1648 haec

46 1680 156 1720 dicta
192 1676 326 1718 fuisse
363 1675 407 1717 in
444 1675 655 1718 hominem
694 1676 887 1731 ampullis
927 1681 970 1717 et
1006 1667 1538 1729 sesquipedalibus'verbis

46 1752 250 1792 utentem.

761 1837 838 1878 III.

180 1914 434 1976 “Ημίεκτόν
464 1918 559 1962 ἐστι
583 1919 764 1977 χρυσοῦ,
792 1917 1069 1977 μανθάνεις,·
1097 1917 1207 1964 ὀκτώ
1240 1918 1400 1978 ’βολοί.

159 2037 310 2078 Pollux
340 2036 398 2077 lx
428 2036 508 2076 62:
539 2033 583 2075 οἱ
612 2034 765 2089 μέντοι
795 2031 907 2078 ὀκτώ
941 2033 1099 2093 ὀβολοὶ
1128 2034 1338 2093 ἡμίεκτον
1364 2035 1541 2095 ω’νομά-

46 2108 192 2162 ζοντο,
222 2099 281 2156 ὥς
312 2118 453 2162 φησιν
481 2103 719 2165 ἐν’Λαμία
750 2104 932 2164 Κράτης
966 2105 1220 2166 “Ημίεκτόυ
1250 2110 1345 2152 ἐστι
1371 2108 1545 2167 χρυσοῦ

46 2174 289 2237 μανθάνῃς
329 2173 439 2219 ὀκτώ
482 2174 652 2231 ὀβολοί.
721 2182 894 2224 Correxi
932 2184 1038 2224 haec
1078 2187 1124 2224 ut
1165 2196 1291 2238 supra
1320 2184 1538 2239 adscripsi.

48 2255 110 2295 De
140 2246 328 2306 ἡμιέκτῳ
358 2265 395 2292 v.
427 2251 629 2292 Boeckhii
661 2254 830 2306 Quaest.
862 2254 1027 2296 metrol.
1058 2268 1100 2308 p.
1133 2255 1232 2296 135.

758 2364 829 2406 IV.

161 2448 395 2490 Scholiasta
426 2448 588 2490 Platon.
618 2463 660 2503 p.
691 2450 775 2492 382
806 2450 963 2492 Bekk.:
1003 2446 1028 2491 6
1057 2449 1248 2505 μῦθος
1285 2445 1541 2493 ἀπώλετο

48 2546 104 2553 --
132 2518 355 2573 μέμνηται
385 2515 431 2558 δὲ
462 2514 599 2569 αὐτῆς
628 2520 703 2561 καὶ
732 2520 952 2577 Κρατῖνος
983 2548 1037 2555 -—
1065 2523 1142 2563 καὶ
1166 2518 1346 2578 Κράτης
1360 2520 1536 2588 Λαμίᾳ.

143 2667 173 2711 ⁶)
197 2668 324 2703 Nescio
349 2680 395 2704 an
419 2670 546 2704 rectius
569 2668 616 2706 sit
638 2667 897 2714 ἀνθρωπικῶν,
931 2675 967 2706 ut
999 2671 1126 2715 legisse
1161 2670 1299 2706 videtur
1322 2661 1540 2714 Phrynichus

48 2728 138 2773 App.
152 2727 253 2773 floph.
268 2740 303 2774 p.
317 2731 360 2765 21
388 2730 444 2766 14.
465 2726 727 2777 Ἀνθρωπικὸς
751 2732 895 2774 μῦθος-ε
918 2730 937 2766 ὁ
963 2733 1042 2779 περὶ
1058 2731 1291 2779 ἀνθρωπείων
1309 2729 1539 2780 πραγμάτων,

105 2875 276 2913 Comoed.
302 2880 376 2912 unt.
1217 2868 1273 2909 16
