1786 3210
677 131 781 175 MA
789 130 997 180 ΡΙΚΑΣ.
1503 141 1590 184 508

96 240 271 298 ,θήλεια
301 244 357 306 τῇ
375 242 470 304 θεῷ
498 240 639 304 ταύτῃ
667 243 833 289 θύεται
860 239 998 299 (οὕτω
1021 243 1068 286 δὲ
1094 244 1276 300 τιμᾶται
1299 248 1344 290 ἐκ
1370 250 1446 301 τῆς
1472 251 1589 295 κατὰ

71 315 194 359 ’,τῶν
221 313 376 368 κήπων
400 314 579 372 χλόης)·
621 313 793 360 θύουσί
822 331 865 362 τε
900 315 1210 374 Θαργηλιῶνος
1240 317 1353 376 ἕκτῃ.
1413 324 1475 366 De
1504 326 1586 368 ce-

0 425 2 449 ξ
90 390 210 432 ‚reris
243 385 395 440 Χλόης
423 391 656 432 sanctuario
687 390 730 430 in
760 390 869 432 clivo
899 391 1106 445 acropolis
1132 390 1214 451 sito
1244 391 1324 431 vid.
1342 392 1480 435 Leake
1499 397 1585 438 To-

71 495 74 503 .
99 475 222 516 pogr.
262 462 312 502 of
337 462 435 504 Ath.
466 475 507 515 p.
541 463 623 502 172
652 474 742 514 sqq.
781 462 834 503 de
872 462 952 504 dea
987 465 1076 516 ipsa
1112 462 1178 503 cfr
1207 463 1409 510 Greuzeri
1439 465 1583 518 Symb.

99 532 157 574 lv
186 546 226 586 p.
256 533 354 574 314.
425 535 627 575 Ceterum
674 533 934 575 Fritzscliius
976 534 1090 575 Actis
1130 534 1285 575 Societ.
1316 548 1379 587 gr.
1411 549 1452 588 p.
1484 536 1581 580 138.

97 602 165 644 liis
195 603 331 644 verbis
349 606 577 659 perspicue
606 604 770 645 ostendi
810 604 910 645 dicit
942 606 1231 658 Hyperbolum
1271 605 1314 646 in
1352 606 1419 647 ius
1457 620 1580 648 voca-

96 678 185 736 tum¹
214 687 329 716 esse:
359 681 537 717 matrem
568 676 678 717 enim
696 663 946 728 ‚Hyper-boli
974 677 1079 716 llaec
1108 676 1221 728 loqui
1251 677 1404 729 gratias
1434 677 1581 719 Cereri

95 750 279 787 acturam
310 747 421 798 quod
451 748 583 788 filium
612 746 773 787 iudices
803 746 1091 788 absolvissent.
1149 747 1313 788 Eodem
1343 748 1437 789 iure
1467 749 1578 791 dicas

92 821 268 858 matrem
299 817 451 871 gratias
480 831 607 871 agere
636 817 744 858 velle
774 817 946 868 Cereri,
980 818 1092 871 quod
1130 818 1243 859 filius
1271 819 1411 859 salvus
1440 823 1486 860 et
1512 820 1576 862 in-

93 892 214 941 teger
242 888 293 930 ab
323 890 587 944 expeditione
617 889 657 930 in
681 888 857 943 patriam
887 891 1120 931 reverterit.
1180 889 1258 932 cn·
1285 891 1453 944 Fragm.
1484 890 1517 932 1.

778 1059 893 1102 VIII.

199 1170 430 1212 Scholiasta
470 1171 683 1225 Aristoph.
724 1172 835 1215 Plut.
875 1173 1014 1213 1038:
1066 1170 1197 1213 τοῦτο
1245 1168 1289 1213 τί
1326 1171 1448 1214 ἐστιν
1495 1170 1573 1215 οὐκ

87 1229 212 1282 οἶδα·
243 1233 313 1282 ὅτι
341 1239 387 1281 δὲ
418 1238 721 1295 συμβάλλεται
751 1244 880 1295 (l'ort.
912 1239 1156 1297 συμβάλλει
1186 1242 1276 1301 τῷ)
1306 1242 1353 1285 ἐν
1383 1243 1574 1303 Μαρικᾷ

88 1307 338 1361 Εὐπόλιδος
379 1301 494 1353 οἶδα.
566 1309 693 1353 κάκεῖ
716 1310 798 1369 γὰρ
827 1310 909 1364 τὴν
931 1312 941 1323 ‘
959 1311 1209 1370 Υπερβόλου
1237 1315 1406 1372 μητέρα
1437 1314 1570 1374 τηλία

84 1378 243 1435 ,εἰκάζει
290 1382 344 1442 τῇ
381 1380 570 1440 πλατείᾳ
609 1381 789 1428 navim:
843 1386 955 1434 τινὲς
1002 1383 1048 1426 δὲ
1089 1383 1247 1445 τηλίαυ
1284 1384 1415 1440 ξύλου
1451 1387 1570 1444 quoi,

86 1453 248 1508 πλατύ,
279 1451 340 1506 εἷς
369 1450 397 1497 ὃ
421 1455 463 1496 οἱ
494 1451 735 1511 ἀρτοκόποι
767 1455 865 1506 τοὺς
893 1453 1053 1513 ἄρτους
1082 1455 1454 1514 ἑπιξηραίνουσιν.
1512 1461 1569 1502 Et

82 1529 226 1583 paucis
265 1529 517 1573 interiectis:
565 1524 696 1578 τηλία
734 1524 818 1582 ἔχει
855 1529 1007 1583 μέντοι
1045 1525 1165 1570 καθ’
1207 1526 1339 1570 ἑαυτὸ
1372 1526 1565 1586 ἄπορον·

81 1597 160 1640 ἐὰν
189 1597 234 1640 δὲ
266 1596 316 1640 τὸ
345 1598 391 1639 ἐν
422 1597 612 1656 ΠΙαρικᾷ
642 1598 898 1658 προσέλθῃ,
937 1597 1058 1642 ἔνθα
1086 1595 1147 1652 εἰς
1175 1598 1335 1652 τηλίαυ
1366 1601 1480 1657 φησὶ
1509 1597 1567 1642 τὰ

67 1668 162 1716 ,τοῦ
186 1665 462 1726 “Υπιρβόλου
491 1667 602 1711 ὀστᾶ
631 1670 962 1733 ἐμβεβλῆσθαι,
992 1669 1269 1729 ἀπορώτερον
1299 1669 1448 1715 ἔσται·
1490 1671 1565 1724 ζη-
1600 1715 1603 1718 .

83 1741 238 1793 τητέον
268 1733 359 1783 οὑν.
397 1742 520 1796 Apud
551 1743 874 1797 Aristophanem
906 1746 1043 1786 vetula
1075 1746 1194 1786 dicit:
1224 1741 1299 1785 διὰ
1327 1741 1567 1786 δακτυλίου

81 1814 164 1868 μὲν
208 1802 288 1854 οὗν
323 1809 443 1866 ἔμεγ’
472 1806 529 1853 ἂν
568 1809 829 1864 διελκύσαις.
903 1817 981 1858 Cui
1019 1817 1272 1871 Clircmylus
1311 1816 1563 1870 respondet:

79 1879 121 1926 εἰ
156 1879 359 1938 τυγγάυει
393 1879 435 1938 γ’
479 1879 503 1925 ὁ
545 1881 776 1934 δακτύλιος
811 1881 875 1926 ὢν
913 1883 1057 1938 τηλία.
1132 1888 1242 1928 Huic
1285 1888 1413 1941 igitur
1451 1888 1562 1929 dicto

78 1957 301 1999 convenire
332 1957 430 1998 dicit
468 1958 508 1997 id
542 1959 653 2010 quod
685 1959 860 2012 Eupolis
893 1961 1043 2001 dixerit
1071 1960 1113 2000 in
1148 1960 1328 2009 Marica,
1369 1960 1441 2000 ubi
1471 1960 1562 2014 Hy-

75 2030 238 2085 perboli
268 2035 443 2070 matrem
474 2030 684 2083 pistricem
717 2033 948 2085 comparari
980 2032 1104 2071 tradit
1136 2044 1229 2073 cum
1261 2027 1408 2087 τηλία.
1467 2030 1560 2071 Alio

77 2106 215 2142 autem
246 2101 432 2141 eiusdem
462 2100 628 2141 fabulae
659 2102 751 2141 loco
783 2103 912 2156 ipsius
945 2103 1176 2156 Hyperboli
1207 2117 1300 2143 ossa
1329 2104 1370 2143 in
1405 2096 1563 2152 τηλίαν

0 2210 1 2219 ,
80 2172 269 2211 coniecta
307 2185 401 2212 esse
442 2172 603 2212 dixerat
633 2174 830 2227 Eupolis,
870 2175 911 2215 id
945 2175 1055 2226 quod
1086 2189 1132 2215 se
1163 2175 1402 2227 intelligere
1435 2178 1560 2227 negat

77 2241 446 2291 neminen-husius,
483 2243 675 2294 quoniam
720 2246 886 2284 vivente
926 2246 1062 2285 adhuc
1104 2246 1347 2298 llyperbolo
1382 2244 1559 2285 Maricas

76 2315 116 2355 in
148 2327 315 2354 scenam
342 2313 463 2354 datus
494 2314 562 2354 sit.
621 2314 866 2367 Suspicatur
898 2322 1034 2356 tamen
1062 2317 1128 2356 hic
1158 2317 1290 2356 latere
1319 2317 1458 2356 iocum
1487 2329 1557 2356 co-

75 2386 249 2433 micum,
280 2385 349 2436 qui
380 2389 553 2424 matrem
583 2386 816 2438 llyperboli
848 2386 996 2427 fecerit
1028 2383 1209 2437 τηλίαν,
1239 2388 1279 2428 in
1311 2400 1434 2440 quam
1464 2400 1558 2428 ossa

75 2456 148 2496 lilii
181 2455 337 2495 suerint
365 2455 530 2495 iniecta.
599 2456 750 2497 I’arum
788 2465 962 2499 venuste
1000 2458 1105 2499 liaec
1136 2460 1342 2512 copiosius
1372 2470 1555 2511 exequu-

73 2532 139 2568 tus
169 2532 232 2568 est
261 2527 519 2567 Fritzscliius
550 2527 662 2568 Actis
692 2529 847 2570 Societ.
877 2544 940 2583 gr.
974 2531 991 2571 1
1024 2544 1063 2584 p.
1097 2531 1192 2571 134.
1254 2531 1448 2571 Formam
1478 2525 1555 2578 τῆς

73 2594 227 2646 τηλίας
271 2597 496 2640 scholiasta
539 2601 772 2641 accuratius
821 2601 1044 2642 describit*
1072 2601 1373 2642 Grammaticus
1422 2600 1552 2641 Beki«.

75 2667 387 2722 Aueod.p.275
419 2670 494 2711 15:
524 2665 551 2720 ἡ
583 2667 713 2720 τηλία
743 2669 789 2712 δὲ
821 2671 949 2720 σανὶς
984 2668 1314 2726 ἀλτριτοπωλικὴ
1346 2667 1549 2719 πλατεῖα,

76 2735 415 2794 προσηλωμένας
458 2736 620 2798 ἔχουσα
663 2737 803 2800 κύκλῳ
839 2739 1028 2794 σανίδας
1071 2740 1152 2787 τοῦ
1186 2739 1248 2797 μή
1289 2739 1344 2783 τὰ
1383 2737 1553 2796 ἄλφιτα
