1786 3210
200 188 285 231 4⁰ss
789 189 983 233 HERMI
994 189 1084 231 [³1²1

198 299 419 351 Ἀττικοῖς
455 300 502 343 δὲ
530 299 726 358 μάλιστα
765 303 839 346 ἐπὶ
873 300 1050 359 πρώτου
1080 298 1322 358 προσώπου
1351 301 1377 355 ἡ
1408 303 1552 360 παρά,
1592 305 1694 350 ἀντὶ
1766 325 1772 337 ’

201 371 282 414 τοῦ
321 370 518 429 πάρειμι.
584 376 805 432 Κρατῖνος
837 375 1115 423 Μαλθακοῖς
1152 375 1225 415 καὶ
1260 369 1516 431 ‘'lippum-tog·
1544 378 1692 436 Στρα-

201 439 409 486 τιώτισιν
438 446 538 499 (sic)
569 443 592 486 ὁ
623 447 781 487 πωλῶν
811 444 855 488 τ’
890 444 1153 502 ἀνδράποδ’,
1185 440 1259 488 ὅδ’
1295 444 1373 500 ἐγώ
1406 445 1539 504 παρά.
1577 453 1693 493 Eun:-

202 517 299 557 de'm
331 531 510 566 versum,
542 519 754 560 iudicante
786 522 909 560 etiam
943 521 1156 569 Cramero,
1190 522 1313 560 tacito
1345 523 1527 562 auctoris
1557 527 1600 562 et
1630 522 1694 562 fa·-

202 588 324 628 bulae
363 588 528 628 nomine
572 591 815 631 Eustathius
867 591 920 629 ad
962 589 1080 629 Iliad.
1120 604 1161 642 p.
1191 590 1276 631 586
1325 598 1367 631 et
1406 593 1588 646 Etymol.
1630 594 1690 635 M.

201 673 242 711 p.
270 658 351 698 651
384 659 439 699 25
469 660 527 699 ita
558 662 757 714 scriptum
789 661 984 709 afferunt,
1014 654 1080 706 τίς
1111 655 1226 700 ἔσθ’
1256 656 1279 700 ὁ
1310 660 1469 701 πωλῶν
1498 658 1692 716 τάνδρά-

202 725 331 778 ποδ’,·
369 726 448 781 ἐγώ
492 725 635 784 πάρα,
677 733 787 772 unde
828 737 1019 785 apertum
1051 736 1114 771 est
1143 732 1282 773 locum
1311 734 1367 773 ita
1397 735 1693 787 corrigendum

204 812 297 840 esse
326 804 373 840 ut
401 813 526 855 supra
556 802 771 855 adscripsi.
833 803 945 845 Vidit
977 807 1019 842 et
1050 803 1254 855 Bergkius
1285 804 1518 845 Commeat.
1537 805 1694 858 p.434.

918 927 993 969 IX.

319 1012 531 1053 Zenobius
575 1013 697 1054 Prov.
732 1014 772 1054 11
809 1015 887 1055 23:
934 1006 1252 1066 Ἀνερὶνεος
1305 1003 1363 1056 εἶ.
1423 1009 1630 1057 τάττεται
1666 1031 1693 1067 η

205 1076 425 1134 παροιμία
483 1080 594 1137 παρ’
630 1078 867 1141 (Ερμίππῳ
906 1081 951 1124 ἐν
991 1079 1310 1139 Στρατιώταις.
1372 1085 1489 1139 φασὶ
1531 1085 1578 1127 δὲ
1625 1080 1694 1129 ὅτι

204 1148 374 1206 ἐρινεοῦ
414 1150 492 1192 τοῦ
528 1149 850 1210 ὀλυνθηφόρου
894 1154 941 1195 ἐν
983 1152 1043 1211 τῷ
1083 1154 1237 1212 καρπῷ
1269 1151 1428 1209 ᾳύεται
1458 1155 1626 1214 θηρία,
1667 1154 1700 1199 ἃ

205 1219 585 1278 προσαγορεύουσι
626 1225 789 1278 ψῆνας.
850 1222 1019 1266 τούτων
1048 1224 1092 1265 οἱ
1121 1227 1302 1280 γεωργοὶ
1332 1223 1544 1280 λαβόντες
1572 1225 1697 1284 ἁφά-

205 1306 368 1333 πτουσι
397 1292 485 1333 τῶν
513 1291 688 1335 κλάδων
717 1298 813 1345 ταῖς
846 1296 1021 1348 συκαῖς,
1060 1288 1178 1344 ὅπως
1205 1292 1353 1337 αὐτῶν
1382 1294 1406 1338 ὁ
1436 1298 1604 1355 καρπὸς
1632 1301 1695 1356 μὴ

207 1358 415 1421 ἀπορρέῃ.
486 1363 751 1420 ἐνδυόμενον
801 1366 884 1423 γὰρ
936 1363 996 1416 εἰς
1036 1364 1139 1416 τοὺς
1180 1366 1356 1422 σφῆνας
1395 1367 1444 1411 τὸ
1480 1370 1698 1428 θηρίδιον

208 1436 382 1490 στερεοῖ
404 1432 586 1487 τούτους
616 1430 940 1482 καὶπεπαίνει.
993 1435 1145 1495 διόπερ
1175 1437 1247 1479 ἐπὶ
1278 1438 1364 1480 τῶν
1392 1434 1502 1498 ἅπερ
1524 1438 1588 1484 ’ἂν
1615 1441 1697 1486 λά-

207 1505 323 1561 βωσι
359 1506 423 1562 μὴ
471 1508 828 1565 διακρατοῦντων
870 1504 1087 1566 εἰρῆσθαι
1136 1505 1218 1560 τὴν
1261 1510 1520 1567 παροιμίαν.
1590 1518 1695 1560 Vide

208 1591 315 1633 quos
346 1580 468 1621 affert
499 1583 705 1624 Kusterus
735 1583 788 1624 ad
818 1583 989 1624 Suidam
1023 1582 1040 1623 1
1072 1596 1113 1636 p.
1145 1582 1241 1623 198.

929 1705 983 1746 X.

410 1785 508 1828 Τῶν
538 1783 765 1844 φιβάλεων
794 1785 977 1844 μάλιστ’
1011 1783 1067 1829 ἂν
1096 1783 1126 1839 ἢ
1154 1786 1243 1830 τῶν
1267 1787 1496 1846 κοράκεων.

323 1900 567 1943 Athenaeus
600 1903 660 1944 111
692 1918 733 1957 p.
763 1906 819 1945 77
837 1918 881 1946 a:
917 1898 1136 1958 κοράκεων
1178 1901 1224 1943 δὲ
1264 1900 1408 1945 σύκων
1445 1897 1562 1957 εἶδος
1587 1901 1696 1965 ‘'EQ-

210 1982 380 2022 μιππος
419 1969 467 2010 ἐν
495 1970 801 2028 Στρατιώταις
839 1970 1123 2029 παραδίδωσι
1162 1971 1237 2014 διά
1275 1972 1442 2018 τούτων
1477 1977 1576 2021 Τῶν
1617 1994 1696 2035 φι-

211 2037 384 2091 βάλεων
412 2041 503 2084 κτλ.
547 2045 616 2085 PL
647 2041 722 2084 διά
756 2041 937 2096 τούτων,
969 2040 999 2095 ἤ
1026 2043 1113 2084 τῶν
1143 2042 1386 2099 φιβάλεων,
1418 2051 1531 2090 unde
1562 2053 1695 2106 suspi-

213 2112 336 2151 cabar
375 2109 451 2151 διά
490 2111 676 2153 τουτωνί
725 2113 824 2155 Τῶν
859 2112 1085 2170 φιβάλεων
1125 2114 1215 2157 κτλ.
1287 2118 1468 2164 Genitivi
1507 2122 1694 2173 pendere

210 2181 404 2223 videntur
434 2197 457 2223 a
486 2186 612 2226 verbo
645 2181 847 2240 φάγοιμι,
879 2187 988 2239 quod
1019 2187 1060 2226 in
1085 2189 1353 2239 sequentibus
1372 2190 1568 2232 adfuerit.
1607 2192 1691 2232 Do-

214 2253 364 2294 braeus
394 2255 568 2297 Advers.
601 2257 640 2297 11
672 2271 713 2311 p.
745 2259 829 2297 300
865 2262 999 2298 tentat
1039 2245 1065 2306 ἦ
1098 2256 1185 2296 τῶν
1219 2258 1466 2312 ᾳιβαλέων;
1495 2259 1579 2316 ΙΒ.
1609 2256 1697 2315 μά-

213 2318 345 2363 λιστά
372 2322 420 2376 y'
451 2331 530 2367 etc.
598 2329 829 2369 Accentum
859 2326 1124 2383 (φιβαλέων
1155 2334 1197 2369 et
1237 2330 1486 2384 κορακέων)
1518 2334 1696 2375 correxit

213 2394 649 2450 Schweighaeuserus.
711 2401 758 2442 V.
792 2401 970 2440 Bekkeri
1000 2399 1157 2441 Anecd.
1189 2415 1230 2453 p.
1262 2403 1386 2445 1197.

919 2523 991 2564 ΧΙ.

523 2600 795 2659 Ἡριστάναι
823 2606 898 2646 καὶ
928 2601 1202 2662 παριστάναι
1232 2604 1367 2649 τουτί.

325 2714 565 2759 Athenaeus
596 2718 633 2758 X
665 2733 703 2771 p.
734 2719 879 2760 4232:
910 2717 986 2758 καὶ
1020 2713 1262 2773 ἠρίσταμεν
1294 2714 1342 2758 δ’
1375 2717 1541 2773 εἴρηκεν
1572 2716 1694 2775 Ἀρι-

213 2779 438 2839 στοφάνης
476 2785 523 2827 ἐν
557 2787 854 2842 Ταγηνισταῖς
891 2816 947 2824 --
984 2790 1060 2830 καὶ
1090 2782 1347 2845 Ἕρμιππος
1385 2787 1432 2830 ἐν
1468 2787 1695 2847 Στρατιώ-
