1786 3210
207 175 293 217 438
809 174 1114 218 EUPOLIDIS

860 347 912 389 V.
974 347 1045 389 Vl.

310 427 502 487 ’Λνόρες
531 427 711 484 ἑταῖροι,
742 427 869 485 δεῦρο
902 427 956 481 δὴ
988 428 1070 481 τὴν
1099 428 1279 485 γνώμην
1309 428 1580 488 προσίσχετε,

317 510 359 558 εἰ
385 512 578 557 δυνατὸν
606 514 682 556 καὶ
710 510 818 569 μήτι
847 514 993 570 μεῖζον
1022 512 1281 573 πράττουσα
1310 514 1525 573 τυγχάνει.

656 603 674 623 *
948 603 965 624 *
1238 606 1257 626 ¹·

321 684 416 726 Καὶ
446 682 763 739 ξυνεγιγνὸμην
793 680 862 726 ἀεὶ
892 684 983 734 τοῖς
1013 681 1210 738 ἀγαθοῖς
1240 682 1494 742 φάγροισιν.

321 800 583 854 Hephaestio
623 800 702 843 XV
742 813 784 853 p.
815 801 870 840 98
919 801 972 841 de
1008 800 1131 842 variis
1168 800 1315 842 formis
1353 803 1476 844 metri
1514 805 1696 846 Cratinei

207 871 441 913 disserens:
473 866 668 919 Εὔπολις
699 866 747 910 δ’
776 868 823 911 ἐν
851 871 943 920 τοῖς
970 867 1315 925 Ἀστρατεύτοις
1343 873 1419 913 καὶ
1450 869 1696 915 &taxa-ord-

205 956 290 991 τως
318 941 540 993 συνέθηκε
570 939 621 983 τὸ
651 932 789 990 εἶδος·
827 940 890 993 πῆ
926 932 1007 997 μὲν
1037 940 1120 998 γὰρ
1150 941 1336 983 τοιαῦτα
1368 948 1487 987 ποιεῖ
1503 941 1697 1003 ”Λνδρες

205 1039 264 1048 —-·
292 1009 509 1069 τυγχάνει.
559 1011 621 1064 πῆ
653 1011 697 1053 δὲ
730 1012 915 1054 τοιαῦτα
949 1013 1042 1054 Καὶ
1073 1010 1389 1070 ξυνεγιγνόμην
1417 1044 1475 1051 -
1504 1013 1695 1073 φάγροι-

206 1097 301 1137 σιν,
351 1078 477 1127 ὥσθ’
520 1077 627 1126 ὅλον
677 1081 787 1126 αὐτὸ
827 1083 1124 1140 χοριαμβικὸν
1176 1083 1407 1141 ἐπίμικτον
1463 1089 1695 1143 γενέσθαι,

204 1149 363 1212 ὅμοιον
388 1152 734 1213 Ἀνακρεοντείω
763 1154 886 1213 τῷδε,

366 1225 572 1282 Σὶμαλον
601 1217 721 1268 εἶδον
750 1226 796 1268 ἐν
822 1224 939 1283 χορῷ
968 1222 1147 1277 πηκτίδ’
1181 1224 1338 1282 ἔχοντα
1367 1225 1521 1280 καλήν.

208 1296 271 1348 πῆ
304 1296 350 1339 δὲ
379 1298 455 1340 καὶ
485 1295 635 1347 ἄλλοις
664 1292 880 1354 ἐχρήσατο
911 1293 1014 1337 λίαν
1043 1293 1249 1347 ἀτάκτοις
1280 1295 1517 1354 σχήμασιν.
1579 1302 1696 1344 Idem

206 1370 307 1414 XVI
338 1385 381 1425 p.
412 1372 518 1412 109:
556 1371 632 1411 καὶ
671 1368 722 1410 τὸ
754 1365 1022 1425 Κρατίνειον
1053 1367 1100 1409 δὲ
1130 1367 1182 1410 τὸ
1213 1367 1519 1427 ἀσυνάρτητον
1547 1370 1593 1413 ἐκ
1618 1387 1696 1428 χο-

208 1439 450 1496 ριαμβικοῦ
502 1441 577 1483 καὶ
617 1437 854 1497 τροχαϊκοῦ
904 1437 1323 1495 πολυσχημάτιστόν
1366 1442 1480 1484 ἐστι·
1527 1440 1697 1502 ἀρκέσει

207 1511 351 1553 ταῦτα
395 1511 535 1564 δεῖξαι
565 1509 591 1564 ἡ
623 1508 880 1568 παράβασις
910 1508 937 1562 ἡ
968 1510 1014 1551 ἐν
1046 1512 1135 1560 τοῖς
1171 1507 1516 1569 Ἀστρατεύτοις
1543 1510 1697 1559 Εὐπό-

207 1582 330 1633 λιδος
359 1582 499 1626 πᾶσα.
574 1585 648 1626 Vs.
681 1585 703 1624 1
750 1585 875 1638 vulgo
907 1579 1032 1638 δεῦρ’
1062 1579 1172 1634 ἤδη,
1203 1587 1316 1637 quod
1345 1591 1461 1627 tenet
1490 1588 1613 1628 etiam
1644 1588 1697 1628 ad

207 1659 434 1708 utrumque
462 1657 600 1696 locum
632 1655 868 1696 scholiasta.
931 1654 1013 1695 Th.
1040 1656 1245 1708 Bergkius
1276 1657 1508 1698 Comment.
1539 1671 1580 1711 p.
1613 1658 1697 1699 339

209 1727 446 1780 corrigebat
476 1724 595 1780 δευρὶ
627 1722 694 1776 δή.
766 1726 851 1768 Sed
891 1739 974 1766 non
1005 1727 1206 1766 credibile
1237 1732 1301 1768 est
1330 1730 1516 1781 spondeo
1547 1731 1590 1770 in
1619 1730 1699 1771 hac

207 1799 328 1851 pai-te
358 1811 504 1838 versus
534 1811 654 1839 usum
687 1811 778 1838 esse
793 1797 990 1850 Eupolin.
1022 1798 1181 1851 Recepi
1209 1798 1335 1851 igitur
1365 1801 1698 1842 emendationem

209 1869 442 1910 Hermanni
463 1870 605 1910 Doctr.
628 1872 749 1910 metr.
769 1883 809 1921 p.
825 1868 923 1909 583.
972 1869 1088 1908 Idem
1119 1871 1297 1910 correxit
1327 1872 1540 1924 vulgatum
1570 1869 1699 1926 npoi'·

211 1951 346 1992 σχετε.
382 1964 438 1973 —-
470 1941 585 1983 Vs.3
615 1941 809 1993 imperite
839 1940 889 1979 ab
914 1939 1230 1992 Hephaestione
1262 1955 1354 1982 cum
1385 1943 1555 1995 reliquis
1585 1956 1699 1984 com-

210 2011 310 2064 poni
351 2012 587 2052 observavit
629 2013 909 2052 Hermannus.
977 2011 1087 2051 Eum
1129 2025 1179 2052 ex
1210 2013 1490 2065 epirrhemate
1519 2015 1697 2067 petitum

213 2094 308 2122 esse
337 2083 483 2122 statuit
511 2083 730 2134 Bergkius¹
776 2075 1104 2133 Ξυνεγιγνόμην
1134 2083 1412 2125 Hermannus.
1453 2085 1567 2125 Libri
1598 2081 1698 2135 ξυν-

210 2147 433 2205 εγινόμην.
517 2153 649 2192 Turn.
702 2147 1023 2205 ξυνεγεινόμην.
1103 2153 1300 2195 Ceterum
1346 2157 1552 2197 Arnaldus
1602 2161 1698 2209 apte

211 2230 425 2278 comparat
454 2223 715 2264 Teleclidem
746 2224 913 2275 Fragm.
945 2222 1029 2263 fab.
1060 2223 1142 2263 inc.
1170 2224 1264 2266 Vn.
1297 2223 1594 2279 ξυγγενέσθαι
1622 2223 1698 2267 διὰ

208 2289 372 2348 χρόνου
400 2290 452 2347 μ’
477 2289 670 2347 ἐλιπάρει
700 2292 707 2347 1
731 2290 969 2346 δρυπεπέσι
1004 2288 1174 2346 μάζαις.
1221 2296 1397 2348 Eupolis
1429 2299 1545 2339 Dem.
1576 2297 1698 2339 XXII

214 2360 506 2420 σπλάγχνοισι
536 2360 873 2418 συγγενώμεθα.
940 2365 1086 2406 Simile
1115 2366 1215 2406 item
1247 2367 1350 2408 illud
1382 2370 1539 2410 Cratini
1569 2384 1611 2424 p.
1640 2370 1697 2410 88

214 2434 331 2495 τυρῷ
359 2437 436 2478 καὶ
469 2432 620 2492 μίνθῃ
642 2432 1002 2491 παραλεξάμενος
1032 2436 1107 2476 καὶ
1136 2433 1282 2493 ἐλαίῳ.

910 2582 1004 2624 VII.

591 2664 715 2708 Δοκῶ
744 2679 822 2720 μοι
851 2662 931 2720 νῦν
961 2661 1071 2720 ὁρᾶν
1100 2659 1345 2718 ἀφαδίαν.·

323 2779 505 2832 Etymol.
547 2782 607 2822 M.
649 2795 690 2834 p.
723 2780 805 2821 174
840 2780 910 2821 52.
959 2772 1232 2834 Ἀφαδός;
1276 2773 1463 2834 ἐχθρός·
1494 2774 1614 2834 παρὰ
1644 2775 1694 2818 τὸ
