1786 3210
601 183 922 231 ΘΡΑιΤΤΑΙ.
1465 184 1524 228 65

727 331 823 375 VII.

139 419 419 464 Antiatticista
434 430 476 472 Ρ.
494 417 579 460 1⁰4
608 418 680 460 18.
711 410 1102 464 Κακόὸουλοςε
1137 411 1363 471 Κρατῖνος
1380 407 1528 471 Θρᾳκὶ

27 493 148 546 (sic).
207 493 359 534 Pollux
390 489 452 532 11!
482 491 560 532 80:
591 485 803 538 εὔδουλος
832 483 856 530 ὁ
887 476 934 529 εὗ
973 487 1066 536 τοῖς
1095 482 1275 536 δούλοις
1299 483 1528 543 χρώμενος

26 560 152 620 παρὰ
195 557 473 619 Φερεκράτει,
512 561 590 603 καὶ
625 558 677 603 τὸ
716 559 868 618 δρᾶμα
907 555 1339 608 Δουλοδιδάσκαλος.
1403 561 1530 617 παρὰ

28 631 242 694 Κρατίνῳ
264 633 310 675 δὲ
331 630 355 675 ὁ
384 629 739 683 κακόδουλος
768 630 953 690 εἴρηται.
984 631 1094 674 Hinc
1112 630 1302 687 suspicor
1315 633 1532 674 Cratinum

29 704 300 756 κακόδουλος
345 708 399 748 de
443 708 619 749 homine
666 707 820 748 dixisse
870 706 942 760 qui
985 706 1095 746 male
1138 704 1274 747 servis
1323 708 1532 746 uteretur.

31 781 164 835 quue
211 780 349 835 ipsum
390 783 560 821 notasse
590 780 788 820 videntur
817 779 1063 828 Atticistae,
1104 790 1233 830 quum
1262 770 1534 823 κακόδουλος

30 853 203 907 proprie
234 852 288 892 de
318 852 490 892 homine
521 851 745 892 dicendum
775 850 928 891 fuisset
965 850 1035 902 qui
1066 849 1188 890 malis
1227 848 1359 889 servis
1390 852 1533 890 utere-

28 927 114 965 tur.
179 923 287 965 Nam
318 924 535 981 Cratinum
563 923 648 965 hoc
677 935 831 965 nomen
867 934 946 977 pro
986 916 1120 968 κακὸς
1150 917 1309 968 δοῦλος
1338 920 1534 975 posuisse

29 1007 115 1038 non
145 993 350 1037 credibile
380 999 459 1037 est.

726 1107 845 1152 VIII.

110 1206 118 1217 “
146 1196 397 1251 Harpocrat.
427 1195 530 1238 Lex.
558 1194 671 1237 rhet.
701 1209 743 1250 p.
759 1195 816 1236 34
845 1196 902 1236 22
931 1194 1065 1237 Bekk.
1088 1184 1394 1250 Ἀρκυωρός
1423 1217 1482 1226 —-
1509 1185 1535 1232 ὁ

0 1275 1 1283 ’
33 1262 114 1317 τὰς
142 1262 288 1324 ἄρκυς,
323 1265 529 1307 τουτέστι
557 1262 614 1306 τὰ
643 1261 760 1319 λίνα,
799 1260 1051 1322 φυλάττων.
1110 1260 1245 1322 ἄρκυς
1289 1262 1339 1305 δέ
1378 1261 1538 1318 λέγον-

0 1396 2 1400 λ
31 1351 111 1380 ται
137 1334 287 1380 πάντα
315 1334 373 1379 τὰ
400 1335 665 1393 κυνηγετικοὶ
691 1334 810 1381 λίνα.
840 1331 1053 1394 Ξενοφῶν
1069 1333 1378 1394 Κυνηγετικῷ,
1407 1335 1536 1392 Koa·

32 1409 154 1460 τῖ’νος
194 1405 434 1467 Θρᾴτταις.
502 1410 694 1452 Dubitari
723 1413 865 1465 potest
893 1414 1038 1452 utrum
1067 1404 1291 1466 ἆρκυωρὸς
1320 1421 1374 1451 an
1403 1403 1541 1465 ἄρκυς

0 1486 1 1521 i
31 1484 329 1539 grammaticus
370 1497 395 1525 e
424 1482 584 1525 Cratini
622 1482 768 1525 fabula
797 1483 1044 1525 motaverit.
1111 1481 1237 1523 Prius
1266 1486 1409 1523 tamen
1438 1493 1540 1536 pro-

31 1554 225 1597 babilius.
282 1554 523 1610 Xenophon
552 1558 733 1609 utroque
761 1566 864 1596 usus
894 1557 960 1596 est
986 1554 1029 1596 in
1060 1553 1332 1608 Cynegetico.
1361 1553 1467 1597 Vid.
1498 1552 1541 1596 11

32 1625 78 1679 5.
117 1626 178 1671 v1
206 1625 250 1669 5.
316 1627 381 1669 De
421 1627 631 1683 scriptura
666 1627 848 1670 nominis
884 1619 1109 1684 ἀρκυωρός
1137 1625 1216 1669 cfr.
1246 1626 1460 1681 Kiessling
1488 1625 1544 1668 ad

34 1697 291 1756 Fragmenta
320 1699 506 1756 Lycurgi
533 1713 578 1755 Ρ.
609 1700 681 1742 61.

746 1814 822 1858 IX.

152 1902 334 1947 Photius
364 1903 468 1945 Lex.
494 1916 537 1958 Ρ.
570 1901 655 1944 183
685 1902 727 1944 1.
786 1898 833 1942 Κ
845 1912 873 1941 v
860 1894 1091 1955 βηβον
1125 1895 1354 1955 Κρατῖνος
1388 1890 1543 1955 Θρᾴτ-

34 1986 150 2025 ταις.
205 1970 287 2016 τὸν
323 1967 631 2047 θεοφόρητον.
679 1968 835 2022 Ἴωνες
872 1970 921 2013 δὲ
959 1967 1278 2029 μητραγύρτην
1317 1968 1395 2012 καὶ
1436 1964 1544 2023 γάλ-

38 2045 120 2089 λον
145 2044 228 2088 νῦν
255 2042 545 2102 καλούμενον.
604 2027 747 2095 ου’τως
775 2041 1047 2101 Σιμωνίδης.
1106 2045 1171 2087 Ita
1201 2043 1362 2086 codicis
1391 2042 1544 2084 lectio-

39 2123 140 2164 'nem
168 2113 466 2176 θεόφραστον
501 2119 685 2162 correxit
727 2122 824 2161 ante
854 2119 1092 2168 Porsonum
1129 2117 1214 2159 iam
1261 2115 1546 2159 Ruhnkenius

45 2191 102 2234 nd
131 2192 243 2235 Tim.
270 2206 315 2248 Ρ.
347 2187 417 2236 ll.
481 2192 547 2266 De
575 2185 775 2246 κύβηβος
801 2189 900 2233 vide
930 2191 1014 2234 Th.
1044 2189 1275 2244 Bergkium
1308 2188 1545 2230 Comment-

43 2274 89 2317 Ρ.
117 2261 195 2305 92.

776 2375 830 2419 Χ.

155 2462 334 2504 Photius
362 2463 465 2506 Lex.
494 2477 538 2519 Ρ.
567 2462 654 2505 326
684 2463 755 2505 19.
811 2455 1097 2503 Ὀκταὶπουνε
1131 2460 1358 2518 Κρατῖνος
1392 2452 1546 2516 &poge-

41 2541 165 2583 ταις·
194 2528 488 2576 ὀκτώπουν
524 2530 866 2590 ἀνεγείρεις.
923 2529 1028 2597 οξντὶ
1055 2531 1137 2575 τοῦ
1165 2529 1395 2589 σκορπίον.
1433 2544 1548 2587 παρ-

43 2599 172 2658 οιμία
200 2601 284 2661 γὰρ
313 2603 561 2663 ,,σκορπίον
591 2601 865 2661 [ὀκτώπουν]
898 2603 1178 2663 ἀνεγείρεις.”
1207 2606 1371 2650 Eadem
1395 2603 1547 2646 Suidas

45 2675 128 2718 vol.
157 2675 198 2719 11
227 2692 268 2732 Ρ.
299 2679 383 2720 676
413 2683 457 2721 et
489 2678 643 2722 omisso
674 2676 835 2722 Cratini
867 2681 1037 2722 nomine
1066 2680 1219 2722 similia
1246 2679 1423 2732 Diogen.
1439 2675 1544 2719 V111

47 2744 78 2787 8
105 2750 148 2788 ct
176 2747 416 2804 Hesychius
449 2752 532 2794 vol.
566 2753 606 2794 11
638 2765 681 2807 Ρ.
713 2753 846 2795 1219.
919 2750 1002 2806 Qui
1033 2751 1114 2794 etsi
1145 2763 1293 2794 omnen
1322 2751 1367 2791 in
1398 2748 1546 2790 eadem

44 2819 255 2873 proverbii
283 2821 419 2867 forma
447 2826 744 2878 consentiunt,
786 2837 872 2869 nou
911 2824 1100 2867 dubitavi
1138 2827 1280 2866 tamen
1313 2812 1548 2862 ὀκτώπουν

101 2900 273 2939 Comoed.
300 2908 374 2941 ant.
1247 2892 1278 2934 5
