1786 3210
694 183 698 185 ’
718 183 798 226 ΔΗ
799 182 857 226 Μ
858 181 938 227 ΟΙΣ
1488 188 1574 233 457

88 295 150 344 sie
182 309 242 343 'ne
291 300 420 342 duces
463 300 630 354 quidem
677 300 910 356 graviorem
954 298 1110 340 afferre
1146 305 1321 354 possunt
1362 303 1576 348 victoriam

86 373 391 418 Marathonia?

811 485 866 525 ΙΙ.

263 569 328 613 Οὐ
354 567 437 626 γὰρ
465 567 531 625 μοὶ
559 567 642 620 τὴν
674 567 943 624 Μαραθῶνι
971 565 1052 620 τὴν
1081 565 1194 624 ἐμήν
1222 565 1369 625 μάχην

257 654 426 714 χαίρων
456 670 522 705 τις
551 652 700 697 αὐτῶν
729 650 897 706 τούμὸν
926 651 1109 710 ἀλγυνεῐ
1131 654 1249 712 κέαρ.
1300 680 1311 683 χ

207 772 422 827 Longinus
468 771 520 812 de
559 771 734 812 Sublim.
773 770 871 814 XVI
909 771 936 811 3
981 771 1034 811 de
1078 770 1374 812 Demosthenis
1425 772 1581 814 iureiu-

93 844 223 886 rando
242 843 499 886 nobilissimo
531 836 612 892 ,,οὐ
639 838 705 896 μὰ
733 837 836 890 τοὺς
866 840 913 882 ἐν
929 839 1196 896 ΒΙαραθῶνι
1220 838 1584 895 προκινδυνεύον-

96 916 210 964 τας”
250 916 482 957 disserens:
521 909 598 953 καί
634 926 704 953 τοι
741 909 865 968 παρὰ
902 911 962 970 τῷ
991 908 1211 954 Εὐπόλιδι
1249 910 1330 952 τοῦ
1367 906 1499 968 ὅρκου
1534 913 1585 955 τὸ

94 985 271 1042 σπέρμα
302 984 445 1041 φασὶν
473 980 700 1039 εὑρῆσθαι
735 979 799 1024 Οὐ
829 981 913 1039 γὰρ
942 982 1006 1039 μα
1037 982 1120 1035 τὴν
1145 982 1236 1024 κτλ.
1307 986 1456 1028 Latine
1486 987 1585 1029 red-

96 1059 202 1100 didit
233 1058 404 1099 Grotius
435 1057 656 1110 Excerptis
686 1070 728 1109 p.
758 1057 866 1097 507:

290 1127 389 1172 Nae
409 1141 493 1182 per
520 1126 776 1168 Marathone
808 1128 920 1181 quod
945 1128 1138 1168 commisi
1158 1125 1375 1180 praelium

292 1199 500 1255 gaudebit
528 1212 650 1239 nemo
680 1212 752 1239 cor
780 1213 916 1239 meum
947 1200 1021 1253 qui
1051 1199 1277 1251 afflixerit.

96 1270 302 1314 Miltiadis
329 1271 436 1311 haec
466 1271 592 1310 verba
622 1283 736 1319 esse,
776 1284 908 1323 eaque
946 1283 997 1311 ex
1035 1270 1115 1310 hac
1155 1269 1245 1323 ipsa
1274 1268 1415 1310 fabula
1444 1271 1588 1324 petita,

99 1343 204 1384 vidit
234 1342 532 1384 Valckenarius
563 1341 692 1382 Diatr.
724 1355 765 1395 1».
797 1342 895 1383 252.
971 1341 1187 1396 Euripidis
1225 1354 1372 1383 versus
1413 1355 1463 1383 ex
1493 1343 1588 1385 Me-

102 1414 181 1457 dea
207 1414 293 1455 396
322 1418 365 1454 et
393 1414 502 1454 399:

299 1480 354 1525 οὐ
379 1481 464 1538 γὰρ
493 1479 559 1538 μὰ,
587 1481 668 1535 τὴν
699 1481 955 1534 δέσποιναν,
986 1477 1041 1533 ἣν
1071 1480 1149 1535 ἐγώ
1183 1480 1315 1535 σέβω,

294 1546 465 1612 ἆζαίρᾷυν
493 1568 559 1604 τις
588 1551 737 1594 αὐταῖν
766 1551 934 1607 τούμὸν
964 1550 1145 1607 caym?
1167 1553 1295 1609 κέαρ,

56 1674 60 1678 ⁴
102 1628 263 1685 primns
293 1628 548 1682 comparavit
579 1627 768 1681 Toupius
798 1627 851 1668 ad
882 1627 1062 1681 Longini
1091 1627 1120 1667 l.
1152 1626 1181 1667 l.
1253 1626 1412 1668 Versus
1442 1639 1591 1670 secun-

102 1699 182 1759 dus
210 1700 319 1742 hanc
347 1701 496 1754 opinor
525 1700 608 1740 vim
637 1699 790 1740 habet:
828 1699 1012 1753 graviter
1041 1699 1219 1739 ulciscar
1249 1698 1284 1739 si
1316 1699 1408 1750 quis
1439 1699 1593 1742 ducum

103 1771 424 1815 Atheniensium
455 1784 562 1825 quae
591 1785 670 1826 ego
702 1770 843 1826 paravi
885 1770 1040 1812 civitati
1071 1769 1225 1811 decora
1252 1769 1415 1824 ignavia
1446 1775 1488 1811 et
1517 1771 1595 1814 im-

104 1844 254 1901 peritia
282 1843 635 1886 dehonestaverit.

808 1967 884 2007 111.

370 2050 433 2093 Τὸ
463 2051 547 2108 γὰρ
578 2049 752 2094 δίκαιον
782 2048 1012 2104 πανταχοῦ
1042 2047 1304 2105 φυλακτέον.

220 2146 409 2188 Servavit
449 2147 579 2187 Orion
620 2145 768 2187 Florii.
801 2145 859 2187 vl
889 2158 930 2198 p.
962 2144 1018 2184 49
1061 2143 1116 2183 10
1153 2155 1247 2183 cum
1288 2143 1510 2184 lemmate:
1553 2141 1599 2184 ἐκ

109 2213 198 2256 τῶν
226 2211 387 2269 Δήμων
415 2212 677 2265 Εὐπόλιδος.
748 2218 854 2257 Cum
893 2215 1086 2256 Aristidis
1126 2210 1206 2253 τοῦ
1236 2210 1411 2252 δικαίου
1446 2215 1526 2254 liae
1555 2215 1598 2257 in

110 2288 254 2328 fabula
281 2293 421 2340 partes
451 2288 648 2340 quasdam
686 2288 817 2327 fuisse
848 2289 1011 2326 constet
1053 2285 1255 2337 (Frugm.
1288 2284 1401 2335 lV),
1442 2298 1598 2338 nequa-

113 2372 236 2412 quam
265 2359 538 2412 improbabile
573 2359 705 2399 videri
735 2361 874 2411 potest
903 2358 953 2397 ab
985 2357 1067 2396 hoc
1097 2356 1190 2408 ipso
1221 2355 1403 2395 iustitiae
1433 2355 1599 2398 laudem

112 2430 245 2472 fuisse
265 2430 560 2484 praedicatam.
619 2429 694 2471 cfr
724 2428 1009 2469 doctissimum
1024 2427 1192 2468 Orionis
1222 2426 1427 2467 editorem
1446 2427 1597 2480 p.184.

817 2542 889 2585 lv.

283 2627 368 2672 ΝΙ.
398 2626 507 2678 Πῶς
535 2625 618 2684 γὰρ
649 2626 797 2680 ἐγένου
828 2622 1021 2678 ὃίκαιος;
1079 2629 1098 2649 *
1160 2627 1177 2648 *
1239 2627 1256 2647 *
1317 2628 1335 2648 *
1397 2629 1414 2649 *

286 2713 387 2758 ΛΡ.
414 2710 441 2765 ἡ
473 2715 554 2769 μὲν
584 2709 718 2770 φύσις
746 2709 797 2755 τὸ
826 2706 1036 2768 μεγιστόν
1066 2706 1177 2760 ἐστ’,
1207 2706 1357 2750 ἔπειτα
1389 2708 1436 2750 δὲ

290 2794 403 2854 κάγώ
437 2797 685 2856 προθύμως
714 2797 770 2858 τῇ
800 2794 933 2855 φύσει
959 2791 1310 2851 συνελάμβανον.
