<?xml version="1.0" encoding="UTF-8"?>
<!DOCTYPE html PUBLIC "-//W3C//DTD XHTML 1.0 Transitional//EN"
    "http://www.w3.org/TR/xhtml1/DTD/xhtml1-transitional.dtd">
<html xmlns="http://www.w3.org/1999/xhtml" xml:lang="en" lang="en">
 <head>
  <title>
</title>
<meta http-equiv="Content-Type" content="text/html;charset=utf-8" />
  <meta name='ocr-system' content='tesseract 3.04.00' />
  <meta name='ocr-capabilities' content='ocr_page ocr_carea ocr_par ocr_line ocrx_word'/>
</head>
<body>
  <div class='ocr_page' id='page_1' title='image "./p1fragmentacomic02meinuoft_0412.png"; bbox 0 0 1786 3210; ppageno 0'>
   <div class='ocr_carea' id='block_1_1' title="bbox 1659 0 1786 190">
    <p class='ocr_par' dir='ltr' id='par_1_1' title="bbox 1659 0 1786 190">
     <span class='ocr_line' id='line_1_1' title="bbox 1659 0 1786 190; baseline 0 0"><span class='ocrx_word' id='word_1_1' title='bbox 1659 0 1786 190; x_wconf 64' lang='lat' dir='ltr'><strong>‘l</strong></span> 
     </span>
    </p>
   </div>
   <div class='ocr_carea' id='block_1_2' title="bbox 224 193 1786 265">
    <p class='ocr_par' dir='ltr' id='par_1_2' title="bbox 224 193 1786 265">
     <span class='ocr_line' id='line_1_2' title="bbox 224 193 1786 265; baseline -0.002 -16"><span class='ocrx_word' id='word_1_2' title='bbox 224 207 311 249; x_wconf 80' lang='lat'><strong>400</strong></span> <span class='ocrx_word' id='word_1_3' title='bbox 832 204 1121 248; x_wconf 76' lang='lat' dir='ltr'>HERMH’P!</span> <span class='ocrx_word' id='word_1_4' title='bbox 1775 193 1786 265; x_wconf 55' lang='grc' dir='ltr'><strong><em>ξ</em></strong></span> 
     </span>
    </p>
   </div>
   <div class='ocr_carea' id='block_1_3' title="bbox 1779 265 1786 312">
    <p class='ocr_par' dir='ltr' id='par_1_3' title="bbox 1779 265 1786 312">
     <span class='ocr_line' id='line_1_3' title="bbox 1779 265 1786 312; baseline 0 0"><span class='ocrx_word' id='word_1_5' title='bbox 1779 265 1786 312; x_wconf 64' lang='grc' dir='ltr'>ἲ</span> 
     </span>
    </p>
   </div>
   <div class='ocr_carea' id='block_1_4' title="bbox 319 450 1631 517">
    <p class='ocr_par' dir='ltr' id='par_1_4' title="bbox 319 450 1631 517">
     <span class='ocr_line' id='line_1_4' title="bbox 319 450 1631 517; baseline 0.002 -15"><span class='ocrx_word' id='word_1_6' title='bbox 319 450 476 502; x_wconf 79' lang='grc' dir='ltr'><em>Οἶσθα</em></span> <span class='ocrx_word' id='word_1_7' title='bbox 506 459 586 501; x_wconf 79' lang='grc' dir='ltr'><strong>νῦν</strong></span> <span class='ocrx_word' id='word_1_8' title='bbox 616 454 642 501; x_wconf 83' lang='grc' dir='ltr'>ὅ</span> <span class='ocrx_word' id='word_1_9' title='bbox 671 475 751 515; x_wconf 83' lang='grc' dir='ltr'><strong>μοι</strong></span> <span class='ocrx_word' id='word_1_10' title='bbox 781 457 994 513; x_wconf 75' lang='grc' dir='ltr'><em>ποίησονς</em></span> <span class='ocrx_word' id='word_1_11' title='bbox 1023 456 1154 510; x_wconf 81' lang='grc' dir='ltr'><em>τήνδε</em></span> <span class='ocrx_word' id='word_1_12' title='bbox 1184 458 1265 501; x_wconf 83' lang='grc' dir='ltr'><strong>νῦν</strong></span> <span class='ocrx_word' id='word_1_13' title='bbox 1291 457 1354 516; x_wconf 86' lang='grc' dir='ltr'><strong>μή</strong></span> <span class='ocrx_word' id='word_1_14' title='bbox 1382 477 1461 517; x_wconf 87' lang='grc' dir='ltr'><strong>μοι</strong></span> <span class='ocrx_word' id='word_1_15' title='bbox 1489 460 1631 516; x_wconf 81' lang='grc' dir='ltr'><strong><em>δίδου,</em></strong></span> 
     </span>
    </p>
   </div>
   <div class='ocr_carea' id='block_1_5' title="bbox 311 536 1527 603">
    <p class='ocr_par' dir='ltr' id='par_1_5' title="bbox 311 536 1527 603">
     <span class='ocr_line' id='line_1_5' title="bbox 311 536 1527 603; baseline 0.002 -15"><span class='ocrx_word' id='word_1_16' title='bbox 311 547 357 589; x_wconf 72' lang='grc' dir='ltr'><strong>ἐκ</strong></span> <span class='ocrx_word' id='word_1_17' title='bbox 388 547 434 587; x_wconf 77' lang='grc' dir='ltr'><strong>δὲ</strong></span> <span class='ocrx_word' id='word_1_18' title='bbox 465 545 544 587; x_wconf 81' lang='grc' dir='ltr'><strong>τοῦ</strong></span> <span class='ocrx_word' id='word_1_19' title='bbox 573 546 752 602; x_wconf 78' lang='grc' dir='ltr'><em>κέρατος</em></span> <span class='ocrx_word' id='word_1_20' title='bbox 783 536 842 587; x_wconf 79' lang='grc' dir='ltr'><em>αὖ</em></span> <span class='ocrx_word' id='word_1_21' title='bbox 869 560 949 602; x_wconf 87' lang='grc' dir='ltr'><strong>μοι</strong></span> <span class='ocrx_word' id='word_1_22' title='bbox 977 544 1053 594; x_wconf 86' lang='grc' dir='ltr'><strong>δὸς</strong></span> <span class='ocrx_word' id='word_1_23' title='bbox 1078 547 1193 587; x_wconf 62' lang='grc' dir='ltr'><em>πιὲῖν</em></span> <span class='ocrx_word' id='word_1_24' title='bbox 1223 540 1344 600; x_wconf 74' lang='grc' dir='ltr'><em>ἅπαξ</em></span> <span class='ocrx_word' id='word_1_25' title='bbox 1373 545 1527 603; x_wconf 86' lang='grc' dir='ltr'><em>μόνον.</em></span> 
     </span>
    </p>
   </div>
   <div class='ocr_carea' id='block_1_6' title="bbox 214 657 1715 1004">
    <p class='ocr_par' dir='ltr' id='par_1_6' title="bbox 214 657 1715 1004">
     <span class='ocr_line' id='line_1_6' title="bbox 340 657 1713 719; baseline 0.001 -15"><span class='ocrx_word' id='word_1_26' title='bbox 340 664 583 705; x_wconf 84' lang='lat' dir='ltr'><strong>Athenaeus</strong></span> <span class='ocrx_word' id='word_1_27' title='bbox 614 663 674 703; x_wconf 88' lang='lat' dir='ltr'><strong>XI</strong></span> <span class='ocrx_word' id='word_1_28' title='bbox 707 677 748 716; x_wconf 88' lang='lat' dir='ltr'><strong>p.</strong></span> <span class='ocrx_word' id='word_1_29' title='bbox 780 660 864 703; x_wconf 76' lang='lat'><strong>476</strong></span> <span class='ocrx_word' id='word_1_30' title='bbox 882 676 918 703; x_wconf 90' lang='lat' dir='ltr'><strong>a.</strong></span> <span class='ocrx_word' id='word_1_31' title='bbox 950 662 1002 702; x_wconf 86' lang='lat' dir='ltr'><strong>de</strong></span> <span class='ocrx_word' id='word_1_32' title='bbox 1031 657 1274 717; x_wconf 72' lang='grc' dir='ltr'><em>κερατίνοις</em></span> <span class='ocrx_word' id='word_1_33' title='bbox 1304 659 1531 719; x_wconf 80' lang='grc' dir='ltr'><em>ποτηρίοις</em></span> <span class='ocrx_word' id='word_1_34' title='bbox 1560 678 1713 718; x_wconf 81' lang='lat' dir='ltr'><strong>agens:</strong></span> 
     </span>
     <span class='ocr_line' id='line_1_7' title="bbox 214 722 1714 789; baseline 0.001 -14"><span class='ocrx_word' id='word_1_35' title='bbox 214 728 470 789; x_wconf 71' lang='grc' dir='ltr'><em>“’,Ερμιππος</em></span> <span class='ocrx_word' id='word_1_36' title='bbox 503 730 701 788; x_wconf 76' lang='grc' dir='ltr'><strong><em>Μοίραις</em></strong></span> <span class='ocrx_word' id='word_1_37' title='bbox 737 722 894 773; x_wconf 82' lang='grc' dir='ltr'><em>Οἶσθα</em></span> <span class='ocrx_word' id='word_1_38' title='bbox 935 731 1014 773; x_wconf 84' lang='grc' dir='ltr'><strong>νῦν</strong></span> <span class='ocrx_word' id='word_1_39' title='bbox 1045 726 1073 774; x_wconf 80' lang='grc' dir='ltr'>ὅ</span> <span class='ocrx_word' id='word_1_40' title='bbox 1098 747 1176 788; x_wconf 89' lang='grc' dir='ltr'><strong>μοι</strong></span> <span class='ocrx_word' id='word_1_41' title='bbox 1215 731 1428 787; x_wconf 74' lang='grc' dir='ltr'><em>ποίησονς</em></span> <span class='ocrx_word' id='word_1_42' title='bbox 1468 737 1603 778; x_wconf 89' lang='lat' dir='ltr'><strong>Versu</strong></span> <span class='ocrx_word' id='word_1_43' title='bbox 1647 750 1714 777; x_wconf 87' lang='lat' dir='ltr'><strong>se-</strong></span> 
     </span>
     <span class='ocr_line' id='line_1_8' title="bbox 224 805 1710 861; baseline -0.001 -12"><span class='ocrx_word' id='word_1_44' title='bbox 224 808 360 849; x_wconf 90' lang='lat' dir='ltr'><strong>cundo</strong></span> <span class='ocrx_word' id='word_1_45' title='bbox 407 805 588 860; x_wconf 79' lang='grc' dir='ltr'><em>κέρατος</em></span> <span class='ocrx_word' id='word_1_46' title='bbox 633 807 905 859; x_wconf 83' lang='lat' dir='ltr'><strong>penultimam</strong></span> <span class='ocrx_word' id='word_1_47' title='bbox 949 806 1164 860; x_wconf 75' lang='lat' dir='ltr'><strong>producit,</strong></span> <span class='ocrx_word' id='word_1_48' title='bbox 1216 811 1263 846; x_wconf 88' lang='lat' dir='ltr'><strong>ut</strong></span> <span class='ocrx_word' id='word_1_49' title='bbox 1304 806 1346 847; x_wconf 89' lang='lat' dir='ltr'><strong>in</strong></span> <span class='ocrx_word' id='word_1_50' title='bbox 1383 808 1580 861; x_wconf 84' lang='lat' dir='ltr'><strong>Aeschyli</strong></span> <span class='ocrx_word' id='word_1_51' title='bbox 1614 808 1710 849; x_wconf 87' lang='lat' dir='ltr'><strong>loco</strong></span> 
     </span>
     <span class='ocr_line' id='line_1_9' title="bbox 223 873 1715 934; baseline -0.001 -13"><span class='ocrx_word' id='word_1_52' title='bbox 223 880 335 934; x_wconf 86' lang='lat' dir='ltr'><strong>apud</strong></span> <span class='ocrx_word' id='word_1_53' title='bbox 373 879 635 921; x_wconf 78' lang='lat' dir='ltr'><strong>Athenaeum</strong></span> <span class='ocrx_word' id='word_1_54' title='bbox 673 878 701 919; x_wconf 91' lang='lat' dir='ltr'><strong>l.</strong></span> <span class='ocrx_word' id='word_1_55' title='bbox 732 879 761 920; x_wconf 90' lang='lat' dir='ltr'><strong>l.</strong></span> <span class='ocrx_word' id='word_1_56' title='bbox 801 877 953 932; x_wconf 82' lang='grc' dir='ltr'><em>κέρασι</em></span> <span class='ocrx_word' id='word_1_57' title='bbox 988 874 1133 933; x_wconf 74' lang='grc' dir='ltr'><em>χρυσᾶ</em></span> <span class='ocrx_word' id='word_1_58' title='bbox 1173 873 1336 930; x_wconf 84' lang='grc' dir='ltr'><em>στόμια</em></span> <span class='ocrx_word' id='word_1_59' title='bbox 1381 876 1715 934; x_wconf 70' lang='grc' dir='ltr'><em>προσβεβλημέ-</em></span> 
     </span>
     <span class='ocr_line' id='line_1_10' title="bbox 221 950 1293 1004; baseline -0.001 -13"><span class='ocrx_word' id='word_1_60' title='bbox 221 964 327 1000; x_wconf 81' lang='grc' dir='ltr'><em>νοις.</em></span> <span class='ocrx_word' id='word_1_61' title='bbox 387 952 438 994; x_wconf 90' lang='lat' dir='ltr'><strong>V.</strong></span> <span class='ocrx_word' id='word_1_62' title='bbox 469 950 718 992; x_wconf 83' lang='lat' dir='ltr'><strong>Elmsleium</strong></span> <span class='ocrx_word' id='word_1_63' title='bbox 749 950 800 991; x_wconf 87' lang='lat' dir='ltr'><strong>ad</strong></span> <span class='ocrx_word' id='word_1_64' title='bbox 833 950 978 1004; x_wconf 76' lang='lat' dir='ltr'><strong>Eurip.</strong></span> <span class='ocrx_word' id='word_1_65' title='bbox 1011 950 1163 991; x_wconf 85' lang='lat' dir='ltr'><strong>Bacch.</strong></span> <span class='ocrx_word' id='word_1_66' title='bbox 1195 950 1293 991; x_wconf 86' lang='grc'><strong>919.</strong></span> 
     </span>
    </p>
   </div>
   <div class='ocr_carea' id='block_1_7' title="bbox 356 1196 1551 1255">
    <p class='ocr_par' dir='ltr' id='par_1_7' title="bbox 356 1196 1551 1255">
     <span class='ocr_line' id='line_1_11' title="bbox 356 1196 1551 1255; baseline -0.002 -12"><span class='ocrx_word' id='word_1_67' title='bbox 356 1196 462 1243; x_wconf 75' lang='grc' dir='ltr'><strong>’“Ην</strong></span> <span class='ocrx_word' id='word_1_68' title='bbox 492 1199 570 1255; x_wconf 72' lang='grc' dir='ltr'><strong>ἐγώ</strong></span> <span class='ocrx_word' id='word_1_69' title='bbox 606 1197 749 1242; x_wconf 82' lang='grc' dir='ltr'><em>πάθω</em></span> <span class='ocrx_word' id='word_1_70' title='bbox 779 1215 823 1241; x_wconf 90' lang='grc' dir='ltr'><strong>τι</strong></span> <span class='ocrx_word' id='word_1_71' title='bbox 852 1197 984 1253; x_wconf 78' lang='grc' dir='ltr'><em>τήνδε</em></span> <span class='ocrx_word' id='word_1_72' title='bbox 1015 1199 1096 1253; x_wconf 84' lang='grc' dir='ltr'><strong>τὴν</strong></span> <span class='ocrx_word' id='word_1_73' title='bbox 1126 1196 1350 1252; x_wconf 67' lang='grc' dir='ltr'><em>λεπαστὴν</em></span> <span class='ocrx_word' id='word_1_74' title='bbox 1379 1196 1551 1253; x_wconf 80' lang='grc' dir='ltr'><em>ἐκπιών,</em></span> 
     </span>
    </p>
   </div>
   <div class='ocr_carea' id='block_1_8' title="bbox 366 1282 1538 1346">
    <p class='ocr_par' dir='ltr' id='par_1_8' title="bbox 366 1282 1538 1346">
     <span class='ocr_line' id='line_1_12' title="bbox 366 1282 1538 1346; baseline -0.001 -16"><span class='ocrx_word' id='word_1_75' title='bbox 366 1286 426 1346; x_wconf 75' lang='grc' dir='ltr'><strong>τῷ</strong></span> <span class='ocrx_word' id='word_1_76' title='bbox 457 1282 656 1343; x_wconf 79' lang='grc' dir='ltr'><em>Διονύσῳ</em></span> <span class='ocrx_word' id='word_1_77' title='bbox 688 1282 836 1327; x_wconf 80' lang='grc' dir='ltr'><em>πάντα</em></span> <span class='ocrx_word' id='word_1_78' title='bbox 867 1284 1096 1342; x_wconf 77' lang='grc' dir='ltr'><em>τάμαυτοῦ</em></span> <span class='ocrx_word' id='word_1_79' title='bbox 1127 1285 1288 1342; x_wconf 86' lang='grc' dir='ltr'><em>δίδωμι</em></span> <span class='ocrx_word' id='word_1_80' title='bbox 1313 1283 1538 1343; x_wconf 82' lang='grc' dir='ltr'><em>χρήματα,</em></span> 
     </span>
    </p>
   </div>
   <div class='ocr_carea' id='block_1_9' title="bbox 216 1394 1711 2884">
    <p class='ocr_par' dir='ltr' id='par_1_9' title="bbox 216 1394 1711 2387">
     <span class='ocr_line' id='line_1_13' title="bbox 335 1394 1711 1461; baseline -0.004 -15"><span class='ocrx_word' id='word_1_81' title='bbox 335 1405 578 1447; x_wconf 81' lang='lat' dir='ltr'><strong>Athenaeus</strong></span> <span class='ocrx_word' id='word_1_82' title='bbox 609 1402 667 1442; x_wconf 89' lang='lat' dir='ltr'><strong>XI</strong></span> <span class='ocrx_word' id='word_1_83' title='bbox 699 1416 740 1456; x_wconf 92' lang='lat' dir='ltr'><strong>p.</strong></span> <span class='ocrx_word' id='word_1_84' title='bbox 772 1402 856 1443; x_wconf 83' lang='lat'><strong>486</strong></span> <span class='ocrx_word' id='word_1_85' title='bbox 876 1403 915 1444; x_wconf 86' lang='lat' dir='ltr'><strong>b.</strong></span> <span class='ocrx_word' id='word_1_86' title='bbox 949 1405 1001 1445; x_wconf 90' lang='lat' dir='ltr'><strong>de</strong></span> <span class='ocrx_word' id='word_1_87' title='bbox 1034 1401 1234 1461; x_wconf 71' lang='grc' dir='ltr'><em>λεπαστῇ</em></span> <span class='ocrx_word' id='word_1_88' title='bbox 1263 1404 1493 1444; x_wconf 81' lang='lat' dir='ltr'><strong>disserens:</strong></span> <span class='ocrx_word' id='word_1_89' title='bbox 1515 1394 1711 1455; x_wconf 57' lang='lat' dir='ltr'><strong>‘&#39;Epam-</strong></span> 
     </span>
     <span class='ocr_line' id='line_1_14' title="bbox 219 1468 1710 1530; baseline -0.003 -13"><span class='ocrx_word' id='word_1_90' title='bbox 219 1489 300 1524; x_wconf 87' lang='grc' dir='ltr'><strong>πος</strong></span> <span class='ocrx_word' id='word_1_91' title='bbox 340 1472 538 1530; x_wconf 81' lang='grc' dir='ltr'><em>Μοίραις</em></span> <span class='ocrx_word' id='word_1_92' title='bbox 576 1468 690 1512; x_wconf 79' lang='grc' dir='ltr'><strong>Ἐὰν</strong></span> <span class='ocrx_word' id='word_1_93' title='bbox 737 1471 815 1525; x_wconf 77' lang='grc' dir='ltr'><strong>ἐγώ</strong></span> <span class='ocrx_word' id='word_1_94' title='bbox 861 1470 1003 1515; x_wconf 81' lang='grc' dir='ltr'><em>πάθω</em></span> <span class='ocrx_word' id='word_1_95' title='bbox 1042 1474 1133 1516; x_wconf 83' lang='grc' dir='ltr'><em>κτλ.</em></span> <span class='ocrx_word' id='word_1_96' title='bbox 1213 1475 1460 1517; x_wconf 86' lang='lat' dir='ltr'><strong>Eustathius</strong></span> <span class='ocrx_word' id='word_1_97' title='bbox 1499 1475 1551 1515; x_wconf 88' lang='lat' dir='ltr'><strong>ad</strong></span> <span class='ocrx_word' id='word_1_98' title='bbox 1591 1473 1710 1515; x_wconf 82' lang='lat' dir='ltr'><strong>Iliad·</strong></span> 
     </span>
     <span class='ocr_line' id='line_1_15' title="bbox 218 1534 1709 1603; baseline -0.003 -13"><span class='ocrx_word' id='word_1_99' title='bbox 218 1563 262 1603; x_wconf 93' lang='lat' dir='ltr'><strong>p.</strong></span> <span class='ocrx_word' id='word_1_100' title='bbox 293 1549 405 1590; x_wconf 76' lang='lat'>1246</span> <span class='ocrx_word' id='word_1_101' title='bbox 436 1547 515 1587; x_wconf 86' lang='lat'><strong>35:</strong></span> <span class='ocrx_word' id='word_1_102' title='bbox 554 1536 624 1585; x_wconf 79' lang='grc' dir='ltr'><strong>ὅτι</strong></span> <span class='ocrx_word' id='word_1_103' title='bbox 655 1543 700 1584; x_wconf 78' lang='grc' dir='ltr'><strong>δὲ</strong></span> <span class='ocrx_word' id='word_1_104' title='bbox 731 1540 900 1598; x_wconf 76' lang='grc' dir='ltr'><em>μεγάλη</em></span> <span class='ocrx_word' id='word_1_105' title='bbox 931 1534 987 1596; x_wconf 75' lang='grc' dir='ltr'><strong>ἦν</strong></span> <span class='ocrx_word' id='word_1_106' title='bbox 1027 1542 1074 1597; x_wconf 85' lang='grc' dir='ltr'><strong>(ἡ</strong></span> <span class='ocrx_word' id='word_1_107' title='bbox 1106 1543 1325 1599; x_wconf 71' lang='grc' dir='ltr'><em>λεπαστὴ)</em></span> <span class='ocrx_word' id='word_1_108' title='bbox 1361 1573 1418 1579; x_wconf 82' lang='grc'>-</span> <span class='ocrx_word' id='word_1_109' title='bbox 1459 1544 1591 1596; x_wconf 80' lang='grc' dir='ltr'><em>δηλοῖ</em></span> <span class='ocrx_word' id='word_1_110' title='bbox 1625 1542 1709 1586; x_wconf 82' lang='grc' dir='ltr'><strong>σὺν</strong></span> 
     </span>
     <span class='ocr_line' id='line_1_16' title="bbox 217 1610 1708 1674; baseline -0.003 -14"><span class='ocrx_word' id='word_1_111' title='bbox 217 1614 368 1667; x_wconf 75' lang='grc' dir='ltr'><em>ἄλλοις</em></span> <span class='ocrx_word' id='word_1_112' title='bbox 398 1618 474 1658; x_wconf 85' lang='grc' dir='ltr'><em>καὶ</em></span> <span class='ocrx_word' id='word_1_113' title='bbox 494 1610 750 1670; x_wconf 61' lang='grc' dir='ltr'><em>’Ἕρμιππος</em></span> <span class='ocrx_word' id='word_1_114' title='bbox 780 1613 826 1656; x_wconf 76' lang='grc' dir='ltr'><strong>ἐν</strong></span> <span class='ocrx_word' id='word_1_115' title='bbox 857 1615 916 1674; x_wconf 72' lang='grc' dir='ltr'><strong>τῷ</strong></span> <span class='ocrx_word' id='word_1_116' title='bbox 936 1611 1032 1658; x_wconf 74' lang='grc' dir='ltr'><strong>’“Αν</strong></span> <span class='ocrx_word' id='word_1_117' title='bbox 1062 1615 1140 1672; x_wconf 72' lang='grc' dir='ltr'><strong>ἐγώ</strong></span> <span class='ocrx_word' id='word_1_118' title='bbox 1173 1613 1313 1658; x_wconf 81' lang='grc' dir='ltr'><em>πάθω</em></span> <span class='ocrx_word' id='word_1_119' title='bbox 1342 1614 1434 1659; x_wconf 88' lang='grc' dir='ltr'><em>κτλ.</em></span> <span class='ocrx_word' id='word_1_120' title='bbox 1496 1618 1567 1660; x_wconf 88' lang='lat' dir='ltr'><strong>Vs.</strong></span> <span class='ocrx_word' id='word_1_121' title='bbox 1596 1618 1618 1657; x_wconf 94' lang='lat'>1</span> <span class='ocrx_word' id='word_1_122' title='bbox 1650 1611 1708 1666; x_wconf 82' lang='grc' dir='ltr'><strong>ἢν</strong></span> 
     </span>
     <span class='ocr_line' id='line_1_17' title="bbox 218 1683 1709 1744; baseline -0.001 -11"><span class='ocrx_word' id='word_1_123' title='bbox 218 1692 433 1733; x_wconf 82' lang='lat' dir='ltr'><strong>Porsonus</strong></span> <span class='ocrx_word' id='word_1_124' title='bbox 465 1689 606 1730; x_wconf 85' lang='lat' dir='ltr'><strong>Praef.</strong></span> <span class='ocrx_word' id='word_1_125' title='bbox 639 1691 844 1731; x_wconf 89' lang='lat' dir='ltr'><strong>Hecubae</strong></span> <span class='ocrx_word' id='word_1_126' title='bbox 874 1705 916 1744; x_wconf 91' lang='lat' dir='ltr'><strong>p.</strong></span> <span class='ocrx_word' id='word_1_127' title='bbox 948 1692 1080 1733; x_wconf 91' lang='lat' dir='ltr'><strong>XXV.</strong></span> <span class='ocrx_word' id='word_1_128' title='bbox 1140 1691 1278 1744; x_wconf 82' lang='lat' dir='ltr'><strong>Vulgo</strong></span> <span class='ocrx_word' id='word_1_129' title='bbox 1318 1683 1416 1740; x_wconf 79' lang='grc' dir='ltr'><em>ἐάν,</em></span> <span class='ocrx_word' id='word_1_130' title='bbox 1448 1692 1523 1743; x_wconf 74' lang='lat' dir='ltr'><strong>prd</strong></span> <span class='ocrx_word' id='word_1_131' title='bbox 1561 1701 1642 1742; x_wconf 85' lang='lat' dir='ltr'><strong>quo</strong></span> <span class='ocrx_word' id='word_1_132' title='bbox 1674 1689 1709 1731; x_wconf 82' lang='lat' dir='ltr'>C</span> 
     </span>
     <span class='ocr_line' id='line_1_18' title="bbox 220 1756 1708 1818; baseline -0.003 -14"><span class='ocrx_word' id='word_1_133' title='bbox 220 1767 263 1804; x_wconf 84' lang='lat' dir='ltr'><strong>et</strong></span> <span class='ocrx_word' id='word_1_134' title='bbox 291 1763 538 1804; x_wconf 85' lang='lat' dir='ltr'><strong>Eustathius</strong></span> <span class='ocrx_word' id='word_1_135' title='bbox 571 1761 729 1802; x_wconf 86' lang='lat' dir='ltr'><strong>habent</strong></span> <span class='ocrx_word' id='word_1_136' title='bbox 759 1756 829 1803; x_wconf 80' lang='grc' dir='ltr'><strong>ἄν.</strong></span> <span class='ocrx_word' id='word_1_137' title='bbox 860 1788 915 1794; x_wconf 85' lang='lat'><strong>—-</strong></span> <span class='ocrx_word' id='word_1_138' title='bbox 947 1763 1020 1804; x_wconf 91' lang='lat' dir='ltr'><strong>Vs.</strong></span> <span class='ocrx_word' id='word_1_139' title='bbox 1052 1763 1077 1802; x_wconf 75' lang='lat'><strong>2</strong></span> <span class='ocrx_word' id='word_1_140' title='bbox 1111 1760 1168 1818; x_wconf 71' lang='grc' dir='ltr'><strong>τῷ</strong></span> <span class='ocrx_word' id='word_1_141' title='bbox 1197 1757 1409 1816; x_wconf 79' lang='grc' dir='ltr'><em>Διονύσῳ.</em></span> <span class='ocrx_word' id='word_1_142' title='bbox 1450 1762 1513 1801; x_wconf 91' lang='lat' dir='ltr'><strong>De</strong></span> <span class='ocrx_word' id='word_1_143' title='bbox 1543 1760 1708 1813; x_wconf 77' lang='lat' dir='ltr'><strong>dactylo</strong></span> 
     </span>
     <span class='ocr_line' id='line_1_19' title="bbox 219 1833 1708 1892; baseline -0.002 -17"><span class='ocrx_word' id='word_1_144' title='bbox 219 1834 285 1875; x_wconf 84' lang='lat' dir='ltr'><strong>cfr</strong></span> <span class='ocrx_word' id='word_1_145' title='bbox 315 1835 550 1874; x_wconf 91' lang='lat' dir='ltr'><strong>Porsonum</strong></span> <span class='ocrx_word' id='word_1_146' title='bbox 582 1834 610 1874; x_wconf 94' lang='lat' dir='ltr'><strong>l.</strong></span> <span class='ocrx_word' id='word_1_147' title='bbox 637 1834 666 1874; x_wconf 90' lang='lat' dir='ltr'><strong>l.</strong></span> <span class='ocrx_word' id='word_1_148' title='bbox 714 1835 1040 1892; x_wconf 23' lang='lat' dir='ltr'><strong>‚Fragmentum</strong></span> <span class='ocrx_word' id='word_1_149' title='bbox 1081 1835 1163 1875; x_wconf 89' lang='lat' dir='ltr'><strong>hoc</strong></span> <span class='ocrx_word' id='word_1_150' title='bbox 1201 1847 1252 1874; x_wconf 85' lang='lat' dir='ltr'><strong>ex</strong></span> <span class='ocrx_word' id='word_1_151' title='bbox 1289 1833 1434 1874; x_wconf 87' lang='lat' dir='ltr'><strong>eadem</strong></span> <span class='ocrx_word' id='word_1_152' title='bbox 1473 1845 1552 1885; x_wconf 91' lang='lat' dir='ltr'><strong>qua</strong></span> <span class='ocrx_word' id='word_1_153' title='bbox 1583 1845 1708 1886; x_wconf 84' lang='lat' dir='ltr'><strong>supe-</strong></span> 
     </span>
     <span class='ocr_line' id='line_1_20' title="bbox 219 1904 1708 1958; baseline -0.002 -12"><span class='ocrx_word' id='word_1_154' title='bbox 219 1907 307 1946; x_wconf 88' lang='lat' dir='ltr'><strong>rius</strong></span> <span class='ocrx_word' id='word_1_155' title='bbox 338 1919 464 1945; x_wconf 87' lang='lat' dir='ltr'><strong>scena</strong></span> <span class='ocrx_word' id='word_1_156' title='bbox 493 1906 671 1958; x_wconf 86' lang='lat' dir='ltr'><strong>petitum</strong></span> <span class='ocrx_word' id='word_1_157' title='bbox 705 1918 797 1946; x_wconf 90' lang='lat' dir='ltr'><strong>esse</strong></span> <span class='ocrx_word' id='word_1_158' title='bbox 823 1919 905 1946; x_wconf 91' lang='lat' dir='ltr'><strong>non</strong></span> <span class='ocrx_word' id='word_1_159' title='bbox 937 1906 1096 1947; x_wconf 86' lang='lat' dir='ltr'><strong>dubito.</strong></span> <span class='ocrx_word' id='word_1_160' title='bbox 1167 1905 1256 1946; x_wconf 88' lang='lat' dir='ltr'><strong>Nec</strong></span> <span class='ocrx_word' id='word_1_161' title='bbox 1294 1909 1434 1945; x_wconf 85' lang='lat' dir='ltr'><strong>tamen</strong></span> <span class='ocrx_word' id='word_1_162' title='bbox 1464 1904 1546 1945; x_wconf 88' lang='lat' dir='ltr'><strong>Th.</strong></span> <span class='ocrx_word' id='word_1_163' title='bbox 1577 1904 1708 1957; x_wconf 87' lang='lat' dir='ltr'><strong>Berg-</strong></span> 
     </span>
     <span class='ocr_line' id='line_1_21' title="bbox 219 1976 1708 2030; baseline -0.002 -12"><span class='ocrx_word' id='word_1_164' title='bbox 219 1978 288 2018; x_wconf 84' lang='lat' dir='ltr'><strong>kio</strong></span> <span class='ocrx_word' id='word_1_165' title='bbox 321 1978 556 2019; x_wconf 85' lang='lat' dir='ltr'><strong>Comment.</strong></span> <span class='ocrx_word' id='word_1_166' title='bbox 589 1991 630 2030; x_wconf 87' lang='lat' dir='ltr'><strong>p.</strong></span> <span class='ocrx_word' id='word_1_167' title='bbox 662 1977 745 2017; x_wconf 76' lang='lat'><strong>321</strong></span> <span class='ocrx_word' id='word_1_168' title='bbox 778 1978 1051 2028; x_wconf 85' lang='lat' dir='ltr'><strong>accesserim,</strong></span> <span class='ocrx_word' id='word_1_169' title='bbox 1091 1982 1313 2029; x_wconf 87' lang='lat' dir='ltr'><strong>utrumque</strong></span> <span class='ocrx_word' id='word_1_170' title='bbox 1343 1977 1480 2017; x_wconf 90' lang='lat' dir='ltr'><strong>locum</strong></span> <span class='ocrx_word' id='word_1_171' title='bbox 1509 1976 1551 2016; x_wconf 89' lang='lat' dir='ltr'><strong>in</strong></span> <span class='ocrx_word' id='word_1_172' title='bbox 1575 1987 1708 2016; x_wconf 91' lang='lat' dir='ltr'><strong>-unum</strong></span> 
     </span>
     <span class='ocr_line' id='line_1_22' title="bbox 216 2041 1706 2102; baseline -0.001 -14"><span class='ocrx_word' id='word_1_173' title='bbox 216 2048 496 2102; x_wconf 81' lang='lat' dir='ltr'><strong>fragmentum</strong></span> <span class='ocrx_word' id='word_1_174' title='bbox 539 2048 831 2100; x_wconf 67' lang='lat' dir='ltr'><strong>confflngenti,</strong></span> <span class='ocrx_word' id='word_1_175' title='bbox 870 2049 1026 2088; x_wconf 89' lang='lat' dir='ltr'><strong>inserta</strong></span> <span class='ocrx_word' id='word_1_176' title='bbox 1063 2048 1172 2089; x_wconf 84' lang='lat' dir='ltr'><strong>inter</strong></span> <span class='ocrx_word' id='word_1_177' title='bbox 1210 2041 1265 2096; x_wconf 81' lang='grc' dir='ltr'><strong>ἢν</strong></span> <span class='ocrx_word' id='word_1_178' title='bbox 1303 2053 1347 2088; x_wconf 84' lang='lat' dir='ltr'><strong>et</strong></span> <span class='ocrx_word' id='word_1_179' title='bbox 1382 2043 1461 2098; x_wconf 77' lang='grc' dir='ltr'><strong>ἐγώ</strong></span> <span class='ocrx_word' id='word_1_180' title='bbox 1503 2046 1706 2100; x_wconf 80' lang='lat' dir='ltr'><strong>particula</strong></span> 
     </span>
     <span class='ocr_line' id='line_1_23' title="bbox 219 2114 1707 2171; baseline -0.002 -13"><span class='ocrx_word' id='word_1_181' title='bbox 219 2116 279 2158; x_wconf 84' lang='grc' dir='ltr'><strong>δέ.</strong></span> <span class='ocrx_word' id='word_1_182' title='bbox 350 2118 471 2171; x_wconf 79' lang='lat' dir='ltr'><strong>Quod</strong></span> <span class='ocrx_word' id='word_1_183' title='bbox 501 2123 588 2158; x_wconf 87' lang='lat' dir='ltr'><strong>tum</strong></span> <span class='ocrx_word' id='word_1_184' title='bbox 620 2118 788 2158; x_wconf 91' lang='lat' dir='ltr'><strong>demum</strong></span> <span class='ocrx_word' id='word_1_185' title='bbox 818 2122 933 2158; x_wconf 84' lang='lat' dir='ltr'><strong>recte</strong></span> <span class='ocrx_word' id='word_1_186' title='bbox 963 2119 1119 2159; x_wconf 85' lang='lat' dir='ltr'><strong>factum</strong></span> <span class='ocrx_word' id='word_1_187' title='bbox 1151 2118 1340 2168; x_wconf 87' lang='lat' dir='ltr'><strong>credam,</strong></span> <span class='ocrx_word' id='word_1_188' title='bbox 1376 2118 1411 2159; x_wconf 90' lang='lat' dir='ltr'><strong>si</strong></span> <span class='ocrx_word' id='word_1_189' title='bbox 1452 2117 1542 2170; x_wconf 87' lang='lat' dir='ltr'><strong>quis</strong></span> <span class='ocrx_word' id='word_1_190' title='bbox 1578 2114 1707 2171; x_wconf 84' lang='grc' dir='ltr'><em>κέρας</em></span> 
     </span>
     <span class='ocr_line' id='line_1_24' title="bbox 221 2185 1704 2243; baseline 0 -13"><span class='ocrx_word' id='word_1_191' title='bbox 221 2194 264 2230; x_wconf 87' lang='lat' dir='ltr'><strong>et</strong></span> <span class='ocrx_word' id='word_1_192' title='bbox 294 2185 492 2238; x_wconf 80' lang='grc' dir='ltr'><em>λεπαστὴ</em></span> <span class='ocrx_word' id='word_1_193' title='bbox 532 2190 584 2230; x_wconf 87' lang='lat' dir='ltr'><strong>de</strong></span> <span class='ocrx_word' id='word_1_194' title='bbox 625 2190 774 2230; x_wconf 88' lang='lat' dir='ltr'><strong>eodem</strong></span> <span class='ocrx_word' id='word_1_195' title='bbox 811 2190 951 2242; x_wconf 88' lang='lat' dir='ltr'><strong>poculi</strong></span> <span class='ocrx_word' id='word_1_196' title='bbox 990 2203 1148 2242; x_wconf 83' lang='lat' dir='ltr'><strong>genere</strong></span> <span class='ocrx_word' id='word_1_197' title='bbox 1178 2190 1259 2230; x_wconf 84' lang='lat' dir='ltr'><strong>dici</strong></span> <span class='ocrx_word' id='word_1_198' title='bbox 1289 2203 1415 2243; x_wconf 82' lang='lat' dir='ltr'><strong>posse</strong></span> <span class='ocrx_word' id='word_1_199' title='bbox 1445 2190 1704 2230; x_wconf 64' lang='lat' dir='ltr'><strong>demonstra-</strong></span> 
     </span>
     <span class='ocr_line' id='line_1_25' title="bbox 218 2259 1704 2315; baseline -0.001 -15"><span class='ocrx_word' id='word_1_200' title='bbox 218 2261 342 2302; x_wconf 84' lang='lat' dir='ltr'><strong>verit.</strong></span> <span class='ocrx_word' id='word_1_201' title='bbox 400 2261 495 2301; x_wconf 78' lang='lat' dir='ltr'><strong>Etsi</strong></span> <span class='ocrx_word' id='word_1_202' title='bbox 527 2262 636 2301; x_wconf 89' lang='lat' dir='ltr'><strong>enim</strong></span> <span class='ocrx_word' id='word_1_203' title='bbox 667 2261 827 2313; x_wconf 85' lang='lat' dir='ltr'><strong>lepasta</strong></span> <span class='ocrx_word' id='word_1_204' title='bbox 858 2260 1113 2314; x_wconf 82' lang='lat' dir='ltr'><strong>profundum</strong></span> <span class='ocrx_word' id='word_1_205' title='bbox 1144 2262 1339 2315; x_wconf 89' lang='lat' dir='ltr'><strong>poculum</strong></span> <span class='ocrx_word' id='word_1_206' title='bbox 1370 2261 1501 2302; x_wconf 85' lang='lat' dir='ltr'><strong>fuisse</strong></span> <span class='ocrx_word' id='word_1_207' title='bbox 1530 2273 1580 2301; x_wconf 83' lang='lat' dir='ltr'><strong>ex</strong></span> <span class='ocrx_word' id='word_1_208' title='bbox 1610 2259 1704 2301; x_wconf 87' lang='lat' dir='ltr'><strong>Ari-</strong></span> 
     </span>
     <span class='ocr_line' id='line_1_26' title="bbox 219 2332 1402 2387; baseline -0.001 -14"><span class='ocrx_word' id='word_1_209' title='bbox 219 2333 356 2387; x_wconf 84' lang='lat' dir='ltr'><strong>stoph.</strong></span> <span class='ocrx_word' id='word_1_210' title='bbox 387 2333 499 2386; x_wconf 87' lang='lat' dir='ltr'><strong>apud</strong></span> <span class='ocrx_word' id='word_1_211' title='bbox 529 2333 791 2374; x_wconf 87' lang='lat' dir='ltr'><strong>Athenaeum</strong></span> <span class='ocrx_word' id='word_1_212' title='bbox 822 2332 882 2372; x_wconf 86' lang='lat' dir='ltr'><strong>XI</strong></span> <span class='ocrx_word' id='word_1_213' title='bbox 914 2346 955 2385; x_wconf 86' lang='lat' dir='ltr'><strong>p.</strong></span> <span class='ocrx_word' id='word_1_214' title='bbox 985 2332 1069 2372; x_wconf 81' lang='lat'><strong>485</strong></span> <span class='ocrx_word' id='word_1_215' title='bbox 1089 2334 1112 2372; x_wconf 86' lang='lat' dir='ltr'>b</span> <span class='ocrx_word' id='word_1_216' title='bbox 1141 2333 1402 2386; x_wconf 81' lang='lat' dir='ltr'><strong>intelligitur,</strong></span> 
     </span>
    </p>

    <p class='ocr_par' dir='ltr' id='par_1_10' title="bbox 218 2397 1706 2884">
     <span class='ocr_line' id='line_1_27' title="bbox 725 2397 1592 2460; baseline -0.001 -17"><span class='ocrx_word' id='word_1_217' title='bbox 725 2402 949 2458; x_wconf 64' lang='grc' dir='ltr'><em>περιέᾳερε</em></span> <span class='ocrx_word' id='word_1_218' title='bbox 981 2401 1032 2441; x_wconf 76' lang='grc' dir='ltr'><strong>δ’</strong></span> <span class='ocrx_word' id='word_1_219' title='bbox 1063 2399 1170 2457; x_wconf 78' lang='grc' dir='ltr'><em>ἡμῖν</em></span> <span class='ocrx_word' id='word_1_220' title='bbox 1197 2400 1337 2460; x_wconf 86' lang='grc' dir='ltr'><em>κύκλῳ</em></span> <span class='ocrx_word' id='word_1_221' title='bbox 1365 2397 1592 2452; x_wconf 71' lang='grc' dir='ltr'><em>λεπαστήν</em></span> 
     </span>
     <span class='ocr_line' id='line_1_28' title="bbox 260 2470 1673 2530; baseline -0.001 -16"><span class='ocrx_word' id='word_1_222' title='bbox 260 2470 372 2528; x_wconf 76' lang='grc' dir='ltr'><em>ταχύ</em></span> <span class='ocrx_word' id='word_1_223' title='bbox 401 2473 666 2529; x_wconf 72' lang='grc' dir='ltr'><em>προσφέρων</em></span> <span class='ocrx_word' id='word_1_224' title='bbox 690 2474 794 2522; x_wconf 82' lang='grc' dir='ltr'><em>παῖς</em></span> <span class='ocrx_word' id='word_1_225' title='bbox 822 2471 984 2528; x_wconf 67' lang='grc' dir='ltr'><em>ἐνέχεέν</em></span> <span class='ocrx_word' id='word_1_226' title='bbox 1014 2487 1058 2514; x_wconf 81' lang='grc' dir='ltr'><strong>τε</strong></span> <span class='ocrx_word' id='word_1_227' title='bbox 1090 2471 1269 2530; x_wconf 73' lang='grc' dir='ltr'><em>σφόδρα</em></span> <span class='ocrx_word' id='word_1_228' title='bbox 1299 2489 1341 2515; x_wconf 89' lang='grc' dir='ltr'><strong>τι</strong></span> <span class='ocrx_word' id='word_1_229' title='bbox 1370 2471 1673 2527; x_wconf 68' lang='grc' dir='ltr'><em>κυανοβενθῆ,</em></span> 
     </span>
     <span class='ocr_line' id='line_1_29' title="bbox 219 2540 1702 2601; baseline -0.001 -15"><span class='ocrx_word' id='word_1_230' title='bbox 219 2551 543 2588; x_wconf 87' lang='lat' dir='ltr'><strong>consentaneum</strong></span> <span class='ocrx_word' id='word_1_231' title='bbox 573 2551 712 2587; x_wconf 85' lang='lat' dir='ltr'><strong>tamen</strong></span> <span class='ocrx_word' id='word_1_232' title='bbox 744 2550 809 2586; x_wconf 85' lang='lat' dir='ltr'><strong>est</strong></span> <span class='ocrx_word' id='word_1_233' title='bbox 836 2551 878 2586; x_wconf 88' lang='lat' dir='ltr'><strong>et</strong></span> <span class='ocrx_word' id='word_1_234' title='bbox 909 2559 959 2586; x_wconf 83' lang='lat' dir='ltr'><strong>ex</strong></span> <span class='ocrx_word' id='word_1_235' title='bbox 987 2547 1079 2599; x_wconf 89' lang='lat' dir='ltr'><strong>ipso</strong></span> <span class='ocrx_word' id='word_1_236' title='bbox 1112 2549 1280 2589; x_wconf 88' lang='lat' dir='ltr'><strong>nomine</strong></span> <span class='ocrx_word' id='word_1_237' title='bbox 1296 2540 1576 2601; x_wconf 83' lang='lat' dir='ltr'><strong>perspicuum,</strong></span> <span class='ocrx_word' id='word_1_238' title='bbox 1603 2557 1702 2585; x_wconf 82' lang='lat' dir='ltr'><strong>ean-</strong></span> 
     </span>
     <span class='ocr_line' id='line_1_30' title="bbox 218 2616 1702 2671; baseline 0 -15"><span class='ocrx_word' id='word_1_239' title='bbox 218 2617 314 2657; x_wconf 84' lang='lat' dir='ltr'><strong>dem</strong></span> <span class='ocrx_word' id='word_1_240' title='bbox 331 2619 468 2671; x_wconf 79' lang='lat' dir='ltr'><strong>magni</strong></span> <span class='ocrx_word' id='word_1_241' title='bbox 489 2618 623 2659; x_wconf 89' lang='lat' dir='ltr'><strong>fuisse</strong></span> <span class='ocrx_word' id='word_1_242' title='bbox 644 2618 822 2659; x_wconf 87' lang='lat' dir='ltr'><strong>ambitus</strong></span> <span class='ocrx_word' id='word_1_243' title='bbox 850 2621 892 2656; x_wconf 85' lang='lat' dir='ltr'><strong>et</strong></span> <span class='ocrx_word' id='word_1_244' title='bbox 921 2617 964 2657; x_wconf 90' lang='lat' dir='ltr'><strong>in</strong></span> <span class='ocrx_word' id='word_1_245' title='bbox 993 2617 1254 2658; x_wconf 82' lang='lat' dir='ltr'><strong>latitudinem</strong></span> <span class='ocrx_word' id='word_1_246' title='bbox 1277 2618 1461 2671; x_wconf 75' lang='lat' dir='ltr'><strong>patuisse</strong></span> <span class='ocrx_word' id='word_1_247' title='bbox 1483 2616 1597 2656; x_wconf 86' lang='lat' dir='ltr'><strong>haud</strong></span> <span class='ocrx_word' id='word_1_248' title='bbox 1613 2628 1702 2656; x_wconf 87' lang='lat' dir='ltr'><strong>me-</strong></span> 
     </span>
     <span class='ocr_line' id='line_1_31' title="bbox 219 2685 1700 2741; baseline 0 -13"><span class='ocrx_word' id='word_1_249' title='bbox 219 2688 426 2738; x_wconf 86' lang='lat' dir='ltr'><strong>diocrem,</strong></span> <span class='ocrx_word' id='word_1_250' title='bbox 465 2702 571 2741; x_wconf 87' lang='lat' dir='ltr'><strong>quae</strong></span> <span class='ocrx_word' id='word_1_251' title='bbox 601 2689 738 2730; x_wconf 86' lang='lat' dir='ltr'><strong>forma</strong></span> <span class='ocrx_word' id='word_1_252' title='bbox 776 2702 800 2729; x_wconf 86' lang='lat' dir='ltr'><strong>a</strong></span> <span class='ocrx_word' id='word_1_253' title='bbox 835 2685 1016 2740; x_wconf 80' lang='grc' dir='ltr'><em>κέρατος</em></span> <span class='ocrx_word' id='word_1_254' title='bbox 1053 2687 1193 2741; x_wconf 85' lang='lat' dir='ltr'><strong>specie</strong></span> <span class='ocrx_word' id='word_1_255' title='bbox 1234 2688 1507 2729; x_wconf 86' lang='lat' dir='ltr'><strong>vehementer</strong></span> <span class='ocrx_word' id='word_1_256' title='bbox 1544 2687 1700 2728; x_wconf 82' lang='lat' dir='ltr'><strong>discre-</strong></span> 
     </span>
     <span class='ocr_line' id='line_1_32' title="bbox 218 2758 1706 2814; baseline 0 -15"><span class='ocrx_word' id='word_1_257' title='bbox 218 2763 303 2812; x_wconf 87' lang='lat' dir='ltr'><strong>pat.</strong></span> <span class='ocrx_word' id='word_1_258' title='bbox 338 2758 482 2808; x_wconf 56' lang='lat' dir='ltr'><strong>‚Adde</strong></span> <span class='ocrx_word' id='word_1_259' title='bbox 513 2762 624 2812; x_wconf 90' lang='lat' dir='ltr'><strong>quod</strong></span> <span class='ocrx_word' id='word_1_260' title='bbox 654 2761 796 2814; x_wconf 82' lang='lat' dir='ltr'><strong>priora</strong></span> <span class='ocrx_word' id='word_1_261' title='bbox 824 2759 1133 2813; x_wconf 82' lang='lat' dir='ltr'><strong>languescentis</strong></span> <span class='ocrx_word' id='word_1_262' title='bbox 1161 2759 1364 2813; x_wconf 85' lang='lat' dir='ltr'><strong>potatoris</strong></span> <span class='ocrx_word' id='word_1_263' title='bbox 1402 2762 1521 2810; x_wconf 84' lang='lat' dir='ltr'><strong>sunt,</strong></span> <span class='ocrx_word' id='word_1_264' title='bbox 1559 2761 1706 2804; x_wconf 75' lang='lat' dir='ltr'><strong>cetera-</strong></span> 
     </span>
     <span class='ocr_line' id='line_1_33' title="bbox 218 2829 1411 2884; baseline 0.001 -14"><span class='ocrx_word' id='word_1_265' title='bbox 218 2833 356 2870; x_wconf 88' lang='lat' dir='ltr'><strong>autem</strong></span> <span class='ocrx_word' id='word_1_266' title='bbox 386 2831 545 2871; x_wconf 86' lang='lat' dir='ltr'><strong>strenui</strong></span> <span class='ocrx_word' id='word_1_267' title='bbox 577 2834 619 2871; x_wconf 87' lang='lat' dir='ltr'><strong>et</strong></span> <span class='ocrx_word' id='word_1_268' title='bbox 649 2831 853 2872; x_wconf 82' lang='lat' dir='ltr'><strong>maiorum</strong></span> <span class='ocrx_word' id='word_1_269' title='bbox 883 2830 1130 2884; x_wconf 89' lang='lat' dir='ltr'><strong>poculorum</strong></span> <span class='ocrx_word' id='word_1_270' title='bbox 1161 2829 1411 2884; x_wconf 70' lang='lat' dir='ltr'><strong>appetentis.</strong></span> 
     </span>
    </p>
   </div>
  </div>
 </body>
</html>
