1786 3210
664 197 865 244 ΗΣΙΟΔ
871 198 949 246 01.
1466 198 1551 245 m

771 317 843 360 IV.

173 405 476 448 AthenaeusX
500 418 542 459 p.
561 404 645 445 446
661 403 699 444 f:
728 392 781 454 ἧς
808 398 884 442 καὶ
915 395 1200 454 Περικλέα
1230 396 1326 440 τὸν
1351 395 1548 455 Ὀλύμ-

58 489 186 518 πιον
214 475 320 532 ἐρᾶν
349 488 462 530 φησι
497 470 785 525 Τηλεκλείδης
814 471 860 513 ἐν
885 466 1140 519 Ἠσιόδοιςκ
1202 472 1454 526 Clu-ysilium
1486 475 1548 515 di-

57 550 116 591 cit
146 550 421 598 Corinthiam,
453 548 611 587 Teleae
639 547 783 596 filiam,
816 545 926 586 lonis
958 543 1051 584 Chii
1082 543 1271 585 amicam.
1329 545 1395 586 Ad
1428 545 1548 585 Peri-

57 621 166 662 clem
197 623 389 675 spectant
418 618 543 659 etiam
583 619 838 659 incertarum
877 615 1115 656 fabularum
1155 614 1304 668 fragm.
1338 616 1410 659 lv.
1440 616 1479 659 V
1507 620 1551 658 et

57 691 132 743 vl,
163 704 272 745 quae
303 695 346 732 et
374 690 465 744 ipsa
494 689 676 730 fortasse
707 689 758 729 ad
788 688 1001 730 Hesiodos
1031 687 1268 728 revocanda
1296 691 1406 730 sunt.
1466 689 1548 730 Co-

54 763 264 819 guominis
291 756 542 816 Ὀλύμπιος
582 762 652 802 alii
690 761 812 801 aliam
844 773 1030 801 caussam
1062 759 1266 809 afferunt,
1304 759 1547 813 sapientiam

56 832 309 874 Plutarchus
340 834 468 874 Cons.
499 834 638 887 Apoll.
670 847 711 886 p.
744 832 826 872 118
847 845 883 881 e,
923 831 1191 884 eloquentiae
1221 831 1302 871 vim
1335 831 1545 873 Diodorus

55 903 139 945 Sic.
156 904 238 944 XII
269 904 338 954 40,
370 905 496 946 animi
525 906 655 945 robur
686 903 879 945 Valerius
910 903 1022 945 Max.
1042 902 1079 945 V
1110 902 1179 943 10.
1239 901 1414 944 Rectius
1443 903 1548 945 haec

55 974 193 1016 omnia
222 974 443 1017 coniuncta
473 976 653 1017 valuisse
684 975 811 1016 dicas.

785 1098 836 1141 V.

166 1180 402 1224 Scholiasta
431 1183 719 1238 Aristophanis
750 1184 826 1224 Av.
858 1182 991 1222 1126:
1036 1177 1315 1236 Προξενίδης
1351 1175 1375 1221 ὁ
1421 1179 1548 1237 Κομ-

52 1250 221 1301 πασεὺς
250 1252 325 1293 καὶ
361 1250 599 1307 Θεογένης]
639 1251 789 1306 ἔπαιξε
829 1250 952 1308 παρὰ
990 1249 1070 1294 τὸν
1098 1249 1284 1309 κόμπον.
1343 1248 1548 1308 προείρη-
1620 1250 1627 1266 “

51 1336 129 1364 ται
159 1322 206 1364 δὲ
236 1324 337 1381 περὶ
368 1321 520 1366 αὐτῶν
563 1321 829 1382 ἁμᾳοτέρων
868 1317 940 1365 ὅτι
977 1322 1238 1380 κομπασταί
1319 1320 1546 1375 Τηλεκλεί-

52 1392 134 1446 δης
163 1394 210 1436 δὲ
240 1394 288 1437 ἐν
313 1392 524 1454 Ἠσιόδῳ
552 1394 610 1446 ὡς
639 1397 908 1452 παρειμένον
937 1395 998 1455 τῷ
1027 1392 1204 1453 σώματι
1232 1395 1438 1454 κωμῳδεῖ
1461 1391 1548 1438 αὐ-

54 1462 148 1510 τόν.
197 1469 291 1510 Non
322 1476 496 1527 apparet
525 1476 664 1511 utrum
697 1469 974 1511 Proxenidem
1005 1471 1115 1511 dicat
1145 1485 1196 1512 an
1227 1471 1517 1525 Theogenem.

759 1596 831 1637 V1.

165 1679 341 1722 Photius
370 1680 471 1721 Lex.
503 1694 543 1734 p.
575 1680 659 1721 35ss
690 1682 739 1722 7:
786 1676 1015 1739 Οὐδαμῇ
1054 1679 1154 1723 ἀντὶ
1185 1679 1265 1722 τοῦ
1294 1678 1543 1735 οὐδαμόθι.

56 1747 345 1801 Τηλεκλείδης
370 1747 594 1808 “-11σιόδῳ.
665 1754 823 1794 Eadem
855 1755 1069 1797 Antiattic.
1100 1769 1141 1809 p.
1174 1756 1258 1796 110
1288 1755 1344 1796 25
1375 1759 1418 1796 et
1447 1755 1543 1797 Sui-

51 1821 126 1863 das
154 1835 188 1864 s.
219 1836 258 1865 v,
294 1821 484 1881 οὐδαμῇ.
1526 1840 1551 1868 ν

751 1937 844 1982 Vll.

163 2003 439 2064 Aotiatticista
471 2037 511 2078 p.
543 2025 596 2064 01
631 2025 679 2065 4:
719 2024 806 2064 Λιε
821 2037 974 2077 veyne
990 2025 1038 2065 ἵν
1079 2020 1180 2064 ἀντὶ
1218 2022 1298 2066 τοῦ
1337 2039 1542 2081 προσπα-

49 2087 202 2136 λαίειν.
268 2092 556 2145 Τηλεκλείδης
582 2091 805 2153 Ἰλσιόρῳ.

737 2221 852 2262 Vlll.

165 2301 397 2343 Scholiasta
436 2303 540 2345 Ven.
582 2305 797 2358 Aristoph.
832 2307 958 2359 Vesp.
993 2307 1126 2347 1182:
1165 2300 1443 2362 Ἀνδροκλέα
1491 2306 1537 2347 δὲ

4 2419 6 2422 v
52 2369 274 2425 Κρατῖνος
302 2370 528 2427 Σεριᾳίοις
558 2376 669 2427 quoi
703 2373 865 2416 δοῦλον
892 2376 968 2415 καὶ
999 2372 1177 2430 πτωχόν
1215 2405 1270 2411 —
1308 2376 1535 2428 Τηλεκλεί-

49 2438 129 2493 δης
158 2441 204 2483 δὲ
234 2441 281 2483 ἐν
306 2439 534 2494 ἸΙσιόὃοις
562 2447 636 2486 καὶ
675 2444 975 2502 Ἰιὲιιμιντίὸης
1015 2446 1536 2504 βαλλαντιοτόμον.

48 2514 153 2556 eod.
184 2512 232 2554 ἐν
266 2516 356 2564 τοῖς
387 2514 492 2569 δυσ,
533 2519 645 2572 quod
675 2526 911 2562 correctum
941 2534 965 2562 a
997 2521 1211 2563 Dindorlio
1242 2523 1411 2576 Fragm.
1442 2523 1535 2564 Ari-

49 2585 187 2639 noph.
217 2600 258 2640 p.
292 2589 364 2629 lV.

660 2745 921 2754 ——-——‚
