1786 3210
1714 0 1786 172 l

246 282 505 330 Κυκλώπων
547 284 806 329 κατάκλισιν
836 284 1034 344 τοῦνομα
1068 284 1207 340 οὕτως
1249 287 1391 345 φησίν
1431 287 1605 334 ”Επιιτ“
1636 291 1726 334 ero-

194 163 197 165 ’
249 173 335 218 540
838 175 1144 220 supomms

247 373 339 415 ειμι
376 354 543 401 ἐνθάδε
578 358 671 402 κτλ.
745 360 868 413 Quod
908 363 1110 416 suspicari
1151 377 1219 404 me
1256 363 1444 404 dicebam
1484 364 1592 406 Hist.
1631 364 1723 406 crit.

245 433 387 488 p.147
426 432 519 474 fore
550 432 620 486 qui
649 431 715 472 his
744 432 802 472 ita
830 431 1010 475 fortasse
1041 439 1223 485 utantur,
1254 439 1299 475 ut
1325 435 1555 488 Cyclopum
1583 435 1722 477 nescio

243 516 346 558 quas
376 508 516 558 partes
547 504 588 542 in
620 503 696 543 hac
725 502 866 542 fabula
896 502 1026 545 fuisse
1057 506 1333 559 suspicentur,
1364 519 1445 547 non
1475 505 1631 546 frustra
1657 505 1722 545 di-

243 579 356 616 ctum
396 575 526 615 fuisse
556 572 737 613 ostendit
775 573 856 613 Th.
888 575 1093 628 Bergkius
1131 590 1247 617 meus
1286 578 1518 618 Comment.
1550 591 1590 630 p.
1622 576 1720 626 363,

243 659 294 687 ex
323 646 416 699 ipso
454 644 526 685 illo
558 644 808 685 scholiastae
849 645 942 686 loco
974 646 1142 689 fabulae
1174 648 1346 688 chorum
1386 662 1436 688 ex
1466 648 1718 702 Cyclopibus

242 716 516 770 compositum
552 714 684 756 fuisse
720 715 961 758 coniiciens.
1029 719 1156 772 Atqui
1196 720 1471 760 certissimum
1514 723 1579 760 est
1614 719 1718 760 scri-

239 788 374 843 psisse
402 787 534 836 illum,
553 784 626 826 ἐπὶ
658 782 739 836 τὴν
767 784 814 826 ἐν
842 781 983 844 κύκλῳ
1009 785 1282 833 κατάκλισιν.
1322 791 1488 832 Partem
1518 790 1600 830 loci
1629 802 1718 831 ser·

238 858 348 900 vavit
376 858 451 900 sed
481 858 681 899 mendose
711 858 907 911 scriptam
938 860 1086 902 Suidas
1117 875 1154 903 v.
1181 856 1368 915 ὤμιλλα.
1436 856 1599 902 παιδιά
1634 872 1718 912 τις,

237 927 286 971 ἐν
313 919 342 987 ᾗ
370 923 394 969 ὁ
423 921 485 977 εἰς
513 925 594 968 τὸν
629 924 788 969 κύκλον
827 926 981 983 βαλών
1009 926 1172 987 κάρυον
1205 924 1318 974 ὥστε
1355 930 1559 987 ἐμμεῖναι
1597 928 1715 988 νικᾷ.

236 995 432 1048 Εὔπολις
465 996 629 1057 Χρυσῷ
656 998 769 1054 γένει
802 995 1218 1057 Ἔπεισείμεθα
1256 1001 1315 1044 δὲ
1343 997 1421 1052 εἰς
1448 999 1717 1058 (ἅμιλλαν.

238 1072 376 1116 Versu
405 1072 540 1126 primo
568 1066 757 1112 κᾶπειτα
784 1073 1049 1116 scribendum
1081 1076 1240 1118 conieci
1268 1076 1378 1118 Hist.
1408 1077 1500 1118 crit.
1530 1076 1559 1117 1.
1588 1074 1617 1116 Ι.

857 1196 974 1241 Vffl.
1033 1198 1105 1239 IX.

536 1266 731 1320 ’.Ωλκαΐε
760 1277 1004 1322 Σικελιῶτα
1033 1277 1383 1334 Πελοποννήσιε.

345 1394 579 1438 Scholiasta
608 1394 714 1437 Ven.
744 1395 1034 1450 Aristophanis
1065 1397 1336 1453 Thesmoph:
1358 1398 1462 1438 162:
1495 1389 1716 1437 ’Λλκαίου

235 1465 317 1509 τοῦ
343 1462 625 1522 κιθαρῳδοῦ,
665 1454 721 1506 οὗ
747 1464 825 1506 καὶ
853 1461 1049 1517 Εὔπολις
1078 1466 1125 1508 ἐν
1155 1466 1320 1525 Χρυσῷ
1349 1467 1463 1522 γε’νει
1490 1466 1713 1522 μέμνηται

230 1528 423 1580 ‘mnata
456 1534 700 1578 Σικελιῶτα
741 1534 1094 1589 Πελοποννήσιε.
1166 1541 1229 1582 De
1268 1541 1422 1582 Alcaeo
1468 1542 1711 1584 citharoedo

233 1612 330 1654 vide
359 1611 470 1652 Hist.
501 1609 592 1650 crit.
621 1622 663 1662 p.
693 1609 791 1650 240.
861 1611 927 1651 Ad
964 1612 1143 1652 eundem
1174 1611 1374 1653 Alcaeum
1406 1614 1620 1666 pertinere
1649 1614 1711 1655 vi-

234 1684 387 1726 dentur
416 1683 522 1723 haec
552 1680 662 1734 apud
691 1681 955 1723 scholiastam
986 1683 1200 1737 Aristoph.
1231 1684 1358 1737 Vesp.
1390 1684 1523 1725 1269:
1559 1682 1614 1742 τῇ
1642 1682 1714 1725 λε’-

234 1752 298 1807 ξει
325 1746 775 1809 (κιθαραοιδότατος)
802 1749 1007 1807 κέχρηται
1034 1752 1110 1794 καὶ
1125 1748 1318 1802 Εὔπολις
1347 1751 1394 1794 ἐν
1409 1753 1574 1813 Χρυσῷ
1599 1754 1713 1810 γένεο

540 1812 606 1864 Ὢ
636 1818 888 1878 κατάλαβρ’
919 1820 951 1863 ὠ
984 1820 1379 1880 κιθαραοιδότατε.

233 1898 297 1940 Ita
327 1897 438 1938 enim
467 1899 584 1938 recte
613 1886 818 1939 Kusterus
846 1896 1010 1951 scripsit
1038 1910 1115 1952 pro
1144 1892 1351 1954 κάλαβρε.
1409 1899 1583 1941 Numeri
1611 1902 1709 1943 sunt

233 1981 437 2024 paeonici.

940 2079 991 2120 X.

452 2165 586 2225 Ὀρῶ.
633 2167 691 2213 Β.
720 2166 819 2210 θεοῖ
849 2166 927 2210 νῦν
955 2162 1085 2219 τήνδε
1117 2166 1479 2226 Μαριανδυνίαν.

343 2285 582 2339 Stephanus
612 2286 713 2339 Byz,
743 2298 784 2338 p.
814 2284 913 2327 557.
941 2280 1285 2339 Μαριανδυ-νίαε
1319 2279 1458 2340 χώρα.
1510 2280 1704 2335 Εὔπολις

231 2355 396 2414 Χρυσῷ
424 2356 535 2410 γένει
572 2352 692 2411 (Ορῶ
727 2354 823 2396 θέω
860 2354 939 2396 νῦν
974 2354 1055 2406 τὴν
1086 2353 1444 2410 Μαριανδυνίαν.
1514 2358 1706 2399 Correxit

229 2431 332 2471 haec
359 2429 616 2469 Fritzschius
648 2430 815 2480 Quaest.
847 2429 1058 2483 Aristoph.
1092 2429 1109 2469 Ι
1140 2444 1180 2483 p.
1202 2430 1283 2470 147
1325 2433 1560 2483 opportune
1598 2430 1704 2471 affe-

234 2514 331 2542 rens
359 2500 571 2553 Aristoph.
603 2501 709 2551 Equ.
742 2500 825 2540 163
855 2514 943 2552 sqq.

915 2623 987 2663 XI.

344 2707 583 2748 Athenaeus
614 2690 712 2749 §ilv
743 2723 782 2761 p.
815 2707 962 2748 65722:
1003 2704 1202 2760 δέλφακα
1246 2730 1295 2735 -
1331 2703 1533 2754 θηλυκῶς
1564 2703 1701 2747 Νικο-

223 2772 360 2833 χάρης
388 2773 473 2833 ἔφη
505 2776 726 2829 »κύουσαν
756 2776 995 2833 δέλφακα.”
1054 2777 1131 2819 καὶ
1160 2772 1353 2826 Εὔπολις
1389 2775 1552 2834 Χρυσῷ
1588 2776 1700 2830 γένει
