1786 3210
622 160 1004 210 ΜΕΤΑΛΛΗΣ.
1183 128 1185 130 ’
1467 147 1550 222 ιρι

69 282 268 324 vicesimo
302 282 563 336 intelligitur.
603 280 811 335 Figmenti
841 277 1195 331 opportunitatem
1218 278 1460 330 praebuisse
1491 279 1551 319 vi-

69 352 223 394 dentur
252 353 580 394 metallifodinae
611 351 884 392 Laurioticae.
954 349 1025 390 Vs.
1057 349 1080 388 1
1120 345 1261 387 ἐκεῖνα
1297 348 1450 389 frustra
1481 362 1550 390 su-

68 429 230 478 spectat
266 424 698 476 Schweighaeuserus.
779 419 1010 472 Aeschylus
1052 419 1166 459 Pers.
1207 420 1313 459 401:
1359 415 1550 470 σάλπιγξ

70 489 120 532 δ’
148 490 260 550 ἀϋτῇ
291 489 424 534 πάντ’
453 488 581 533 ἐκεῖν’
610 490 857 544 ἐπέᾳλεγεν.
902 490 990 532 Cfr.
1010 490 1221 530 Dobraeus
1241 490 1344 531 Adv.
1365 490 1403 531 11
1423 505 1462 543 p.
1481 492 1548 532 19.

68 588 125 596 ·—
170 565 242 606 Vs.
273 565 299 604 2
344 562 391 603 ἐν
430 561 567 603 πᾶσιν
612 559 808 615 ἀγαθοῖς
845 561 1148 615 proverbialem
1188 561 1371 602 colorem
1409 563 1550 605 habet.

69 634 159 676 crr.
192 635 510 688 Theopompum
541 635 868 687 Hephaestionis
892 647 930 685 p.
947 633 1004 673 76
1033 633 1075 673 4.
1133 633 1314 686 Amphin
1344 634 1551 675 Athenaei

71 705 130 745 111
148 719 188 758 p.
202 705 296 745 991·
322 711 363 745 et
393 707 525 747 schol.
557 707 681 747 Arist.
709 706 813 746 Ach.
833 705 956 745 1025.
1016 704 1099 744 Pro
1129 698 1409 756 εἰργασμένα,
1439 706 1552 757 qnod

68 776 139 827 qui
177 781 343 828 praeter
379 778 635 830 Sophoclem
666 777 771 817 Oed.
805 777 855 816 Τ.
888 775 998 815 1369
1020 775 1201 828 passiva
1241 781 1449 828 potestate
1486 778 1549 817 di-

68 847 175 886 xerit
215 860 264 886 ex
308 849 441 888 atticis
486 848 757 901 scriptoribus
801 847 896 886 novi
944 845 1174 895 neminem,
1225 847 1303 886 Th.
1345 848 1550 902 Bergkius

69 918 300 970 Comment.
331 932 371 970 p.
404 920 483 959 291
530 920 743 972 ingeniose
784 903 949 970 scripsit
977 912 1263 969 ω’ργασμὲνα,
1304 931 1549 971 quamquam

68 987 112 1027 id
140 988 276 1040 ipsum
308 990 431 1029 etiam
462 990 707 1030 insolentiae
739 989 908 1028 crimine
939 988 1167 1037 laboraret,
1199 1000 1325 1040 quum
1355 985 1551 1043 ὀργάζειν

68 1058 179 1111 apud
210 1059 368 1100 Atticos
399 1060 476 1103 nisi
506 1060 558 1100 de
588 1060 676 1101 luto
708 1060 884 1100 similive
920 1059 1092 1098 materia
1131 1059 1360 1112 subigenda
1390 1061 1456 1103 vix
1485 1061 1549 1102 di-

69 1134 182 1170 ctum
221 1143 314 1170 esse
351 1131 598 1184 reperiatur.
675 1131 878 1183 Expende
919 1129 1107 1182 exempla
1144 1142 1168 1169 a
1206 1130 1457 1172 Ruhnkenio
1497 1133 1549 1174 ad

70 1201 180 1241 Tim.
211 1202 352 1254 p.180
382 1202 570 1242 collecta.
603 1227 658 1234 ——
699 1202 814 1243 Vs.3
845 1201 994 1241 Pollux
1024 1193 1218 1254 εἶθ-ἄρας,
1253 1207 1397 1242 contra
1429 1216 1548 1245 usum

69 1273 316 1313 Atticorum.
377 1273 426 1313 V.
461 1273 683 1312 Piersonus
713 1273 766 1312 ad
797 1273 932 1312 Moer.
950 1286 990 1325 p.
1012 1272 1107 1312 184.
1167 1273 1276 1312 Tum
1308 1271 1423 1328 πλέῳ
1450 1275 1549 1315 Din-

70 1343 227 1383 dorfius
258 1357 334 1396 pro
367 1341 503 1384 πλέοι.
547 1369 602 1375 —
651 1345 720 1384 Vs.
752 1343 779 1382 4
822 1338 1200 1394 τονθολνγοῦντες
1231 1343 1470 1384 Athenaeus
1508 1349 1551 1385 et

68 1415 264 1456 Eustath.
293 1414 345 1454 ad
379 1414 425 1454 ll.
457 1428 498 1466 p.
531 1414 640 1454 loo-5
673 1416 746 1455 18:
792 1411 990 1466 κωμικαῖς
1026 1411 1317 1464 τονθολυγεῐν
1363 1414 1439 1454 καὶ
1477 1428 1550 1455 κο·
1592 1435 1598 1439 »

65 1483 237 1540 χυδεῐν,
276 1480 333 1532 ὠς
363 1483 412 1524 αἱ
443 1482 563 1539 παρὰ
593 1484 653 1540 τῷ
692 1481 934 1541 Ἀθηναίῳ
957 1479 1135 1539 χρήσεις
1166 1483 1399 1537 δηλοῦσιν,
1437 1478 1547 1540 οἷον,

70 1555 265 1611 ποταμοὶ
293 1551 473 1611 ἀθάρης
502 1555 577 1596 καὶ
606 1554 795 1610 μέλανος
833 1554 977 1608 ζωμοῦ
1013 1555 1137 1596 πλέοι
1167 1553 1243 1596 διὰ
1271 1554 1359 1596 τῶν
1389 1570 1549 1598 στενω-

70 1626 165 1669 πῶν
194 1626 570 1679 τονθολνγοῦντες
601 1625 764 1682 ἔρρεον,
807 1623 944 1679 ἤγουν
984 1624 1115 1668 ποιὸν
1143 1617 1252 1682 ἦχον
1280 1625 1550 1685 ᾴποτελοῦν-

70 1713 154 1748 τες.
221 1700 310 1741 crr.
342 1701 538 1742 Valcken.
579 1701 629 1740 ad
668 1701 858 1740 Ammon.
896 1714 938 1753 p.
970 1701 1067 1741 122.
1140 1700 1288 1740 Pollux
1328 1699 1552 1756 τονθορυ-

70 1769 262 1824 γοῦντες.
298 1772 331 1811 Β
364 1767 778 1823 πονμᾳολυγοῦντες
807 1771 850 1811 h.
882 1785 919 1811 e.
951 1767 1353 1824 πομφολυγοῦντες,
1384 1773 1436 1812 de
1467 1786 1549 1825 quo

69 1843 166 1884 vide
203 1842 427 1894 Bergidum
468 1856 508 1894 p.
541 1843 637 1882 292.
686 1864 732 1871 —-
783 1842 855 1883 Vs.
887 1841 914 1880 5
954 1838 1240 1892 μυστὶλλαισι
1269 1843 1352 1883 ΒΡ.
1412 1843 1551 1884 Verba

70 1911 251 1955 ναστῶν
285 1907 430 1966 τρύφη
470 1913 583 1953 unde
620 1926 819 1965 suspensa
857 1913 938 1952 sint
973 1914 1037 1953 vix
1076 1914 1298 1967 intelligas.
1369 1915 1549 1957 Omnino

71 1991 184 2027 totus
221 1985 290 2025 hic
329 1985 469 2033 locus,
499 1995 558 2024 ‘ex
589 1985 815 2024 Teleclidis
844 1984 1055 2037 Amphict.
1088 1985 1106 2024 I
1135 1985 1163 2024 8
1193 1999 1282 2037 sqq.
1314 1999 1551 2038 expressus,

72 2060 176 2100 mira
215 2057 374 2097 laborat
411 2056 609 2095 orationis
652 2056 844 2095 scabritie
893 2061 934 2094 et
971 2057 1275 2108 propositarum
1325 2058 1550 2109 imaginum

73 2128 338 2171 obscuritate.
401 2128 563 2179 Quanto
587 2127 808 2167 dilucidius
840 2126 1014 2167 eandem
1045 2128 1292 2168 sententiam
1312 2128 1550 2169 Teleclides

75 2199 300 2254 expressit:

130 2266 275 2324 ζωμοῦ
324 2263 376 2306 δ’
406 2263 517 2322 ἔρρει
562 2264 682 2321 παρὰ
719 2265 797 2315 τὰς
833 2262 983 2314 κλίνας
1020 2265 1221 2320 ποταμὸς
1255 2267 1357 2322 κρέα
1401 2268 1553 2322 θερμὰ

862 2334 1092 2387 κυλίνδων,

129 2405 495 2466 ὑποτριμματίων
531 2404 582 2446 δ’
611 2403 751 2461 ὀχετοὶ
782 2403 958 2446 τούτων
979 2409 1069 2455 τοῖς
1100 2406 1408 2463 βουλομένοισι
1439 2424 1550 2465 παρ-

858 2491 988 2528 vom»,

131 2544 247 2591 ὥστ’
276 2545 485 2604 ἀᾳθονιά
526 2545 606 2597 τὴν
642 2544 824 2588 ἔνθεσιν
864 2546 919 2599 ὴν
953 2544 1162 2602 ἄρδονθ’
1193 2545 1372 2599 ἁπαλὴν
1409 2564 1550 2593 κατα-

862 2616 1018 2661 πίνειν.
1101 2667 1104 2671 ,
1169 2662 1171 2665 ζ

78 2690 152 2731 Va.
182 2691 210 2730 6
253 2691 346 2731 libri
384 2682 495 2730 ὥστ’
526 2686 692 2743 εὐμαρῆ
731 2678 835 2742 ἦγεν
871 2687 1094 2744 αὐτόματ’
1131 2685 1191 2738 εἰς
1230 2687 1311 2739 τὴν
1351 2687 1547 2732 ἔνθεσιν.

79 2760 270 2802 Correxit
298 2762 586 2811 casaubonus,
625 2762 703 2804 nisi
745 2762 854 2815 quod
890 2757 1059 2816 εὐμαρῆ
1100 2775 1143 2801 τε
1183 2762 1346 2816 scripsit
1383 2776 1459 2816 pro
1499 2776 1549 2803 eo
