1786 3210
298 151 383 193 200
939 142 1114 188 cRATl
1121 143 1156 186 N
1162 145 1179 185 1

956 316 1127 359 LXVII.

410 403 584 444 Photius
618 402 716 442 Lex.
749 414 788 454 p.
820 401 876 441 90
905 401 979 442 24.
1022 392 1413 454 Θηλάστριανε
1454 394 1512 451 ἣν
1540 396 1783 452 θηλάζει-αι’

302 486 393 523 τις·
426 468 565 521 ἰδίως,
602 465 739 519 οὕτως
771 470 1006 526 Κρατῖνος.
1069 473 1130 512 Ita
1168 471 1274 512 haec
1313 473 1466 526 scripta
1497 474 1684 514 exhibuit
1714 475 1784 515 Al-

289 548 403 587 berti
444 547 496 587 ad
537 543 741 596 Hesychii
780 544 982 596 glossam,
1028 536 1309 596 Θηλάστριαε
1365 539 1542 598 τροφός.
1604 539 1698 584 ἔστι
1736 543 1784 584 δὲ

286 611 453 657 Ἰακόν.
513 610 749 667 Σοφοκλῆς
789 607 1088 670 Ἀλεξάνδρῳ.
1150 614 1325 655 Photiue
1365 615 1543 656 Porsoni
1579 609 1785 665 θηλάσε-

286 701 375 728 ται.
446 687 568 739 Quod
600 685 710 738 apud
742 685 1001 738 Hesychium
1033 679 1295 738 θηλάστρια
1325 687 1506 727 ionicum
1537 699 1690 728 nomen
1721 688 1784 729 di-

285 759 413 806 eitur,
454 757 582 796 movit
626 756 873 797 Piersonum
917 757 967 797 ad
1010 758 1147 799 Moer.
1178 770 1220 811 p.
1252 758 1336 798 190
1373 761 1415 798 et
1443 757 1527 798 Th.
1558 759 1783 812 Bergkium

285 829 519 868 Comment.
550 840 592 880 p.
625 826 724 868 253.
764 832 811 868 ut
852 828 963 881 apud
995 829 1193 869 Photium
1237 821 1369 876 ιάκῶς
1410 841 1487 882 pro
1518 821 1640 877 ἰδίως
1677 832 1779 871 scri-

282 898 464 939 bendum
495 898 765 947 conficerent,
795 898 926 940 invito
945 929 957 949 ‚
989 903 1036 940 ut
1067 900 1263 953 equidem
1293 900 1467 953 opinor,
1497 902 1779 954 grammatico,

288 970 406 1010 cuius
436 969 545 1010 hano
575 973 757 1010 mentem
790 983 883 1011 esse
913 972 1123 1024 suspicor,
1155 972 1370 1012 Cratinum
1401 966 1660 1026 θηλάστρια
1690 973 1776 1014 sin-

289 1041 424 1094 gulari
456 1041 634 1093 quodam
664 1041 788 1083 modo
819 1042 971 1083 dixisse
1003 1042 1056 1082 de
1086 1043 1244 1096 pupilla
1272 1042 1457 1092 infante,
1487 1055 1610 1095 quam
1641 1047 1775 1097 mater

282 1111 423 1160 lactat,
454 1105 509 1160 ἢν
538 1106 786 1161 θηλάζεταί
817 1126 895 1161 τις,
926 1113 1085 1166 vulgari
1116 1121 1194 1154 usu
1225 1113 1461 1167 postulante
1491 1117 1538 1154 ut
1566 1114 1656 1167 ipsa
1685 1128 1774 1155 ma-

278 1186 343 1223 ter
384 1182 451 1222 vel
495 1183 632 1224 nutrix
670 1178 932 1238 θηλάστρια
982 1185 1158 1225 dicatur.
1240 1184 1389 1237 Neque
1436 1188 1574 1226 temen
1623 1185 1666 1225 id
1706 1191 1771 1227 te·

277 1267 395 1294 mere
424 1266 548 1294 ausus
580 1258 644 1294 est
678 1255 897 1307 Cratinus,
934 1254 1077 1309 quum'
1099 1256 1223 1297 etiam
1253 1250 1469 1304 θηλάζειν
1507 1260 1550 1296 et
1588 1256 1773 1298 lactendi

276 1328 319 1364 et
362 1324 543 1364 lactandi
586 1325 936 1378 significationem
981 1327 1149 1367 habeat.
1226 1326 1430 1367 Similiter
1471 1321 1689 1381 τρόφιμος
1733 1332 1776 1369 et

272 1390 441 1450 τροφὸς
470 1395 623 1436 dicitur
654 1400 696 1437 et
727 1398 780 1438 de
813 1411 864 1438 eo
897 1399 967 1451 qui
999 1399 1129 1439 nutrit
1161 1402 1203 1438 et
1236 1399 1306 1451 qui
1339 1398 1534 1439 nutritur.
1592 1400 1771 1441 Eadem-

272 1478 354 1519 que
383 1467 507 1520 plane
538 1469 645 1509 ratio
687 1473 751 1509 est
780 1470 995 1510 nominum
1038 1469 1211 1510 alumna
1249 1474 1291 1509 et
1320 1469 1536 1519 alumnus,
1577 1483 1685 1523 quae
1727 1475 1771 1512 et

273 1537 406 1577 activo
449 1541 492 1578 et
532 1539 698 1591 passivo
737 1553 863 1580 sensu
899 1541 1012 1580 dicta
1055 1553 1149 1580 esse
1189 1544 1395 1580 testantur
1433 1545 1600 1582 veteres
1629 1555 1768 1594 gram-

273 1609 441 1658 matici,
485 1609 634 1660 quibus
672 1609 828 1652 frustra
865 1615 1102 1665 repugnant
1144 1611 1359 1652 Gesnerus
1400 1611 1528 1652 Thes.
1561 1610 1609 1650 L.
1641 1611 1690 1651 L.
1723 1615 1768 1651 et

272 1679 409 1732 intpp.
449 1679 615 1734 Virgilii
654 1682 739 1724 Cir.
780 1683 879 1725 440.
960 1682 1045 1724 Sed
1094 1682 1200 1724 haee
1238 1683 1408 1724 uberius
1447 1681 1645 1737 persequi
1682 1694 1766 1724 non

275 1750 400 1791 huius
435 1750 519 1791 loci
549 1756 626 1794 est.

921 1876 1115 1919 LXVIII.

386 1960 564 2001 Photius
595 1961 695 2002 Lex.
727 1973 768 2015 p.
804 1962 886 2002 119
917 1963 986 2003 16.
1024 1954 1377 2009 Ἰωνόκυσοςε
1415 1957 1657 2014 κατεαγώς·
1687 1954 1760 2002 οὕ·

267 2042 352 2078 τως
370 2028 605 2085 Κρατῖνος.
637 2033 907 2073 Simillimum
936 2034 1035 2074 huic
1066 2038 1129 2074 est
1158 2028 1427 2084 κυσολάκων,
1457 2034 1510 2074 de
1541 2046 1623 2086 quo
1644 2034 1759 2074 Pho-

265 2102 346 2142 tius
375 2116 415 2155 p.
447 2103 529 2143 192
562 2104 628 2144 12.
671 2101 967 2146 Κυσολάκωνε
1007 2100 1031 2144 ὁ
1069 2101 1259 2144 Κλεινία
1298 2105 1596 2155 (Alcibiades)
1637 2099 1662 2143 ὁ
1692 2100 1762 2159 τῷ

264 2170 382 2228 κυσῷ
411 2169 673 2223 λακωνίζων.
732 2172 782 2214 τὸ
822 2174 868 2215 δὲ
899 2177 990 2223 τοῖς
1019 2173 1244 2223 παιδικοῖς
1268 2173 1475 2230 χρῆσθαι
1504 2171 1756 2224 λακωνίζειν

264 2241 481 2296 λέγουσιν.
548 2241 755 2301 Μελαίνῃ
785 2242 869 2300 γὰρ
903 2243 1080 2296 Θησεύς
1110 2238 1248 2294 οὕτως
1277 2241 1507 2301 ἐχρήσατο,
1536 2241 1595 2294 ὥς
1622 2240 1754 2301 Ἀρι-

265 2313 487 2364 στοτέλης.
555 2317 639 2357 Ubi
665 2311 821 2373 Ἑλένῃ
851 2332 928 2372 pro
961 2314 1190 2375 Μελαίνῃ,
1228 2322 1272 2359 et
1309 2313 1640 2373 Ἀριστοφάνης
1675 2330 1763 2372 [ιι-ο7

259 2379 577 2442 ῗΑρισι-οτὲλης
607 2387 874 2430 scribendum
905 2391 1110 2443 suspicor.

944 2515 1093 2556 LXIX.

375 2597 550 2640 Photius
582 2599 681 2640 Lex.
712 2612 755 2653 p.
786 2599 868 2640 191
901 2600 970 2640 12.
1009 2594 1495 2653 Κυριβάσασθαιε
1532 2596 1746 2654 διαμαχέ-

261 2666 467 2715 σασθαι·
512 2661 651 2716 οὕτως
678 2669 930 2725 .Κρατῖνος.
1006 2669 1122 2710 Idem
1151 2684 1193 2724 p.
1226 2671 1309 2710 190
1349 2671 1418 2712 10.
1466 2665 1744 2726 Κυρηβάσα-

259 2737 403 2780 σθαιε
436 2737 823 2795 ὃιαμαχέσασθαι.
883 2743 1000 2796 Quae
1030 2742 1169 2784 verior
1198 2742 1365 2783 videtur
1394 2743 1615 2796 scriptura.
