1786 3210
449 189 844 236 ΑΥΤΟΛΥΚΟΣ
868 183 926 232 A
957 187 1084 230 KAI
1105 184 1175 233 B'.
1461 190 1549 234 445

64 306 173 366 παρ’
205 304 423 351 Εὑπόλιδί
458 307 580 351 ἔστιν
609 306 655 349 ἐν
682 299 922 362 Αὐτολύκῳ
950 301 1156 361 θατέρῳ,
1194 295 1309 345 ὥστε
1337 299 1438 345 οὔτε
1465 301 1556 345 ἐκεῖ

64 378 165 424 οὔτε
213 379 383 423 ἐνθάδε
424 379 497 422 δεῖ
534 377 800 433 ξενίζεσθαι.
873 378 1049 431 Eupolis
1093 372 1247 417 ἑστιᾶν
1290 390 1373 418 non
1418 378 1549 431 magis

64 468 188 508 quam
217 455 519 508 Aristophanen
541 436 644 494 'cum
682 451 806 492 tertio
844 462 942 490 casu
980 450 1264 492 coniunxerat.
1330 447 1551 489 Postrema

64 526 215 568 scholii
244 527 370 567 verba
399 539 480 566 non
511 523 715 577 intelligo.
787 523 887 563 Post
916 520 1097 577 θατέρῳ
1126 523 1321 583 videntur
1350 519 1551 563 nonnulla

12 584 15 586 ’
65 598 289 648 excidisse,
334 597 484 649 quibus
523 597 603 637 ista
647 594 938 648 imperitorum
968 589 1332 647 grammaticorum
1363 591 1552 633 doctrina

65 670 119 711 de
148 668 455 710 constructione
485 667 603 708 verbi
633 663 783 706 ἑστιᾶν
814 665 1116 706 confutaretur.
1183 665 1262 706 His
1290 665 1373 705 iam
1403 661 1552 704 subiici

65 742 200 795 potuit
237 732 348 780 ιδ’στε
380 733 479 778 οὔτε
510 736 600 778 ἐκεῖ
623 733 722 777 οὔτε
752 733 921 777 ἐνθάδε
951 734 1042 776 κτλ.
1080 737 1125 777 h.
1156 750 1194 776 e.
1232 737 1375 789 itaque
1413 746 1551 787 neque

64 813 159 853 istic
188 812 427 865 (Eupolidis
457 809 615 858 locum)
649 822 787 861 neque
817 808 886 848 hic
917 807 1227 861 (Aristophanis
1255 807 1417 858 locum)
1450 817 1552 846 con-

65 887 130 926 tra
159 884 326 939 linguae
355 896 476 925 usum
505 881 772 935 interpretari
802 880 938 920 decet.

763 1022 879 1065 XVI.

179 1110 246 1152 Ad
290 1110 508 1164 parabasin
546 1106 741 1161 Autolyci
787 1111 979 1160 spectare
1027 1104 1224 1147 videntur
1273 1117 1380 1158 quae
1427 1103 1554 1145 tradit

65 1181 290 1224 scholiasta
319 1181 536 1235 Aristoph.
566 1181 694 1233 Vesp.
726 1179 852 1219 1020.
920 1179 1057 1231 Negat
1095 1189 1146 1217 eo
1185 1177 1279 1217 loco
1309 1175 1554 1228 Aristopha-

66 1266 142 1295 nes
179 1267 225 1294 se
264 1266 446 1306 unquam
487 1253 715 1305 palaestras
746 1251 899 1291 obiisse
927 1261 1083 1302 pueros
1112 1252 1366 1297 tentantem,
1410 1259 1490 1287 nec
1517 1245 1555 1286 si

66 1325 159 1378 quis
188 1329 347 1365 amator
376 1325 427 1364 ad
459 1337 506 1364 se
536 1315 773 1371 accesserit,
805 1334 968 1361 amores
998 1332 1097 1361 suos
1127 1319 1354 1372 perstringi
1382 1319 1555 1371 indigne

65 1396 231 1446 ferens,
268 1395 343 1436 ulli
378 1407 559 1447 unquam
598 1406 759 1434 morem
797 1393 992 1446 gessisse.
1060 1391 1126 1433 Ad
1161 1391 1267 1431 haec
1306 1390 1553 1432 scholiastaz

67 1461 136 1506 δι’
168 1461 380 1507 Εὔπολιν.
438 1462 485 1504 ἐν
513 1459 753 1520 Αὐτολύκῳ
786 1462 831 1503 δὲ
863 1457 1048 1502 τοιαῦτά
1086 1473 1242 1517 φησιν.
1301 1463 1555 1515 Autolycum

67 1540 118 1579 ab
149 1538 431 1592 Aristophane
460 1538 503 1577 in
518 1536 667 1589 Vespis
695 1536 849 1589 respici
879 1548 960 1576 non
991 1535 1179 1588 potuisse
1210 1534 1352 1575 monui
1383 1535 1555 1586 Quaest.

67 1622 181 1651 scen.
212 1609 231 1650 l
261 1622 303 1662 p.
333 1609 389 1649 42
420 1608 551 1659 (Hist.
583 1607 674 1647 crit.
706 1620 746 1660 p.
775 1607 893 1658 117).
954 1607 1045 1647 Nec
1075 1612 1214 1646 tamen
1244 1605 1340 1645 ideo
1371 1603 1555 1644 incredi-

69 1679 156 1722 bile
179 1684 257 1731 est,
287 1679 373 1721 tale
403 1679 501 1733 quid
532 1678 714 1733 Eupolin
745 1678 788 1719 in
817 1678 1023 1732 Autolyco
1041 1677 1310 1732 Aristophani
1338 1675 1557 1717 obiecisse.

753 1801 890 1844 XVII.

181 1887 364 1941 Etymol.
395 1887 458 1929 M.
489 1899 531 1940 p.
561 1887 645 1927 399
676 1887 754 1928 17:
790 1879 1111 1942 Εὐτρήσιος
1148 1880 1272 1941 παρὰ
1310 1879 1363 1924 τὸ
1402 1877 1558 1936 τετρῆ-

70 1957 204 2001 σθαι.
234 1956 314 1999 τὸν
342 1954 608 2000 Αὐτόλυκον
637 1953 662 1998 ὁ
691 1953 886 2006 Εὔπολις
918 1953 1120 1999 σκώπτει.
1157 1951 1400 2010 Ἐὔτρησις
1430 1949 1559 2002 πόλις

67 2025 328 2087 ξΛρκαδική.
389 2033 562 2074 Rectius
591 2045 667 2086 pro
683 2025 905 2085 Εὔτρησις
935 2031 1090 2071 scribas
1119 2022 1376 2084 Εὐτρήσιοι,
1407 2027 1460 2067 de
1476 2038 1559 2079 qua

71 2105 177 2144 urhe
205 2104 303 2145 vide
333 2117 458 2159 supra
480 2105 635 2158 p.378.
696 2104 789 2155 Quo
820 2115 945 2143 sensu
975 2102 1226 2156 Autolycum
1254 2103 1380 2155 poeta
1409 2098 1559 2140 dixerit

73 2174 314 2216 Eutresium
343 2175 522 2216 indicavi
553 2176 664 2216 Hist.
696 2175 787 2215 crit.
817 2187 859 2227 p.
890 2174 988 2215 117.

735 2287 895 2328 XVIII.

191 2375 434 2418 Athenaeus
465 2377 501 2418 V
533 2390 572 2429 p.
603 2376 688 2416 216
705 2377 753 2417 d:
783 2374 856 2416 ἐπὶ
886 2373 1045 2417 τούτου
1075 2376 1350 2430 (Aristionem
1382 2374 1560 2416 archon-

76 2450 161 2488 tem
191 2447 320 2501 dicit)
352 2442 541 2494 Εὔπολις
571 2445 651 2486 τὸν
680 2442 942 2488 Αὐτόλυκον
972 2445 1157 2503 διδάξας
1186 2445 1265 2487 διὰ
1292 2441 1560 2501 Δημοστρά-

75 2529 156 2557 του
180 2513 375 2571 χλευάζει
405 2516 488 2569 τὴν
517 2516 643 2568 νίκην
673 2517 752 2558 τοῦ
773 2515 1046 2561 Αἰτολύκου.
1112 2521 1234 2560 nanc
1265 2519 1459 2571 Autolyci
1496 2518 1560 2559 vi-

78 2589 251 2629 ctoriam
279 2590 322 2631 in
353 2591 497 2642 altera,
529 2605 610 2632 non
642 2591 683 2631 in
715 2593 848 2644 prima
877 2592 1045 2632 fabulae
1076 2591 1260 2631 editione
1286 2591 1336 2629 ab
1352 2589 1560 2643 Eupolide

79 2658 240 2700 irrisam
269 2660 400 2703 fuisse
430 2663 539 2703 male
569 2662 668 2703 olim
706 2664 831 2703 statui
864 2666 1033 2716 Quaest.
1063 2676 1175 2703 scen.
1210 2662 1226 2701 1
1258 2675 1298 2714 p.
1329 2661 1398 2702 42.
1465 2661 1560 2702 Me-

82 2727 188 2770 liora
224 2742 332 2772 nunc
370 2734 464 2776 vide
493 2735 606 2778 nist.
636 2734 727 2775 crit.
757 2748 800 2788 p.
833 2736 915 2776 117
946 2748 1006 2788 sq.
1073 2734 1136 2774 De
1174 2733 1439 2774 Demostrato
1477 2731 1559 2772 dixi

82 2798 237 2841 ibidem
266 2813 307 2854 p.
339 2803 434 2845 110.
