1786 3210
701 182 953 254 ΧΕΙΡῼΝ.
1470 187 1555 228 829

73 314 197 345 νεται
234 299 290 342 τά
334 298 470 353 δεξιά.
524 295 740 348 ’Λσπίδες
777 300 887 341 enim
925 299 1094 340 ordines
1124 298 1299 339 militum
1337 304 1460 351 sunt,
1500 299 1555 341 de

75 388 156 429 qua
186 375 488 428 significatione
518 371 593 413 cfr.
611 371 859 425 Berglerum
890 371 942 412 ad
974 371 1098 411 Arist.
1131 370 1227 422 Lys.
1247 371 1331 410 282
1364 376 1405 410 et
1434 372 1554 411 Stur-

75 446 185 486 zium
218 445 317 486 Lex.
348 433 540 497 Xenoph'.
573 443 590 482 l
621 457 661 495 p.
694 442 794 482 444.
867 442 913 482 In
957 442 1171 482 ordinibus
1210 446 1347 481 autem
1380 441 1555 481 militum

74 517 228 558 nunius
261 517 404 556 dextra
432 527 528 568 pars
557 514 722 553 sinistra
753 517 891 566 potest
922 513 1078 562 videri,
1119 512 1189 552 ubi
1226 512 1410 551 frontem
1441 511 1555 551 ordi-

77 599 178 628 num
219 586 385 640 aspicis,
424 586 501 626 nisi
537 585 572 624 si
602 585 693 637 quis
723 588 888 637 tergum
917 585 1062 633 vertit3
1101 585 1241 635 itaque
1281 583 1404 623 simul
1439 583 1557 635 igna-

77 643 187 698 viam
217 657 408 698 Cinesiae
439 659 563 708 poeta
595 654 832 705 cavillatur,
865 667 970 706 quae
999 655 1100 694 item
1132 654 1242 694 haud
1273 655 1451 695 obscure
1481 665 1556 694 no-

75 731 188 768 tatur
225 741 248 767 a
278 727 403 780 Lysia
428 720 591 765 Ἀπολ.
624 722 780 779 δωροὸ.
811 740 852 779 p.
883 725 968 765 7⁰8
999 725 1166 765 Reisk.:
1202 722 1278 764 καὶ
1314 714 1377 763 οἷν
1415 721 1558 773 Κινη-

75 796 177 845 σίας
206 789 322 837 οὕτω
352 792 623 849 διακείμενος
641 791 816 844 πλείους
846 790 1079 850 στρατείας
1106 789 1403 849 ἐστράτευται,
1433 785 1559 834 οὗτοι

75 864 292 923 περὶτῶν
320 865 397 917 τῆς
426 863 592 914 πόλεως
630 861 944 918 ἀγανακτοῦσι.
1013 867 1136 906 Patet
1171 867 1299 919 igitur
1337 866 1556 916 Musicm,

76 939 176 979 licet
207 951 290 979 non
324 943 538 988 mutatam,
569 942 708 978 tamen
739 935 1044 988 quodammodo
1076 943 1313 989 corruptam
1345 950 1368 976 a
1391 937 1556 978 Cinesia

76 1021 171 1050 esse
201 1013 244 1049 et
274 1008 543 1058 debilitatam,
575 1007 808 1048 saltationis
839 1012 881 1047 et
911 1008 1104 1048 tibiarum
1135 1008 1295 1048 sublata
1323 1019 1557 1061 congruen-

76 1080 174 1120 tia.”
218 1104 275 1111 ——-
319 1080 394 1121 Vs.
426 1079 482 1119 13
511 1090 618 1119 unus
647 1078 756 1117 liber
782 1067 911 1125 οὗτος
939 1083 981 1118 et
1011 1070 1130 1131 ὅμως
1160 1079 1305 1119 semel.
1366 1078 1557 1131 Wytten-

37 1166 39 1168 ·
75 1150 252 1192 bachius
286 1144 388 1189 ἀλλ’
422 1138 503 1189 οὖν
539 1144 727 1197 ἐπιεικὴς
763 1138 891 1195 οὗτος
929 1145 982 1198 ἦν
1021 1141 1140 1203 ὅμως
1180 1144 1292 1201 ἐμοί.
1372 1148 1557 1190 Perfecit

77 1223 410 1263 emendationem
438 1222 661 1273 Emperius
691 1220 799 1260 Diss.
832 1220 885 1260 de
915 1221 1058 1262 Dionis
1089 1222 1304 1274 Chrysost.
1337 1225 1441 1261 orat.
1473 1221 1558 1263 Co·

75 1293 206 1333 rinth.
230 1307 273 1347 p.
302 1292 357 1333 25
386 1293 443 1332 ita
472 1292 710 1344 corrigens,
748 1286 848 1329 ἀλλ’
876 1278 956 1330 οὖν
986 1287 1163 1339 ἄνεκτος
1194 1282 1322 1339 οὗτος
1351 1279 1408 1340 ἦν
1437 1283 1558 1345 ὅμως

76 1358 189 1416 ἐμοί.
248 1387 303 1397 —
353 1363 426 1405 Vs.
458 1363 513 1402 14
542 1361 886 1415 Wyttenbachius
921 1359 1101 1416 Φρῦνις.
1159 1364 1358 1404 Eiusdem
1391 1365 1559 1407 codices

83 1427 288 1489 Φρύννις.
350 1433 453 1475 eod.
485 1433 578 1475 vat.
609 1432 660 1472 ab
692 1431 752 1472 Io.
783 1433 960 1473 Franzio
992 1435 1167 1475 collatus
1203 1429 1384 1489 Φρῦνις.
1453 1436 1558 1478 Les-

76 1505 195 1547 biaca
225 1505 402 1546 nominis
432 1503 568 1544 forma
596 1502 678 1542 fuit
707 1502 820 1543 haud
851 1504 976 1544 dubie
1010 1499 1204 1558 Φρύννις
1234 1519 1284 1546 ex
1314 1511 1414 1547 noto
1445 1508 1557 1548 Aeo·

78 1577 224 1627 lismo,
266 1576 320 1617 de
349 1588 430 1630 quo
462 1575 585 1615 docte
623 1579 905 1627 exposuerunt
934 1576 1149 1617 Seidlerus
1180 1577 1294 1618 Mus.
1324 1578 1462 1619 Rhen.
1494 1578 1557 1619 111

78 1648 107 1688 2
136 1647 292 1701 pslso
331 1651 373 1688 et
401 1645 640 1688 Boeckhius
671 1646 797 1698 Gorp.
830 1646 960 1688 lnscr.
993 1647 1032 1688 11
1062 1662 1104 1702 p.
1136 1648 1234 1689 189.
1292 1648 1358 1690 Ad
1395 1648 1558 1690 Phere-

81 1719 206 1759 cratis
245 1719 382 1759 locum
423 1721 612 1772 spectant
651 1717 757 1756 haec
788 1717 1035 1759 scholiastae
1066 1718 1275 1771 Aristoph.
1311 1720 1419 1760 Nub.
1451 1721 1558 1761 971:

81 1788 126 1829 οἱ
166 1788 349 1842 κωμικοὶ
389 1783 598 1835 πολλάκις
636 1782 777 1826 αὐτοῦ
815 1787 1088 1842 μεμνημένοι
1125 1784 1201 1843 ἐφ’
1232 1779 1298 1837 οἷς
1335 1784 1560 1845 ἐκαινούρ-

82 1872 190 1914 γησε
220 1855 386 1908 κλάσας
416 1858 498 1911 τὴν
528 1854 647 1917 ᾠδὴν
676 1854 799 1913 παρὰ
828 1856 891 1918 τὸ7
909 1857 1092 1914 ἀρχαῖον
1120 1855 1230 1908 ἔθος
1260 1861 1380 1912 (fort.
1404 1850 1560 1915 ἦθος),

80 1927 140 1980 ὥς
174 1926 510 1986 Ἀριστοφάνης
551 1929 664 1986 φησὶ
706 1930 781 1969 καὶ
815 1926 1100 1985 Φερεκράτης.
1176 1933 1237 1972 lta
1274 1934 1384 1973 enim
1415 1933 1559 1986 legen-

83 2003 182 2044 dum
212 2017 288 2057 pro
323 2003 436 2044 edito
463 1997 828 2059 Ἀριστοκράτης.
870 2004 1093 2044 Vid.}1ist.
1126 2004 1217 2044 crit.
1240 2005 1365 2058 p.76.
1423 2005 1559 2057 Phry-

82 2075 154 2116 nin
193 2075 243 2115 ab
281 2075 371 2115 aliis
413 2088 580 2129 quoque
622 2075 793 2117 comicis
833 2078 1002 2116 strenue
1043 2081 1233 2116 vexatum
1271 2088 1364 2116 esse
1405 2075 1560 2116 indicat

83 2147 207 2186 etiam
249 2149 394 2186 auctor
434 2145 634 2186 Proverb.
665 2146 827 2187 Bodiei.
858 2147 955 2188 596.
998 2145 1190 2198 Λέσβιος
1229 2141 1360 2202 ᾠδόςε
1400 2144 1444 2185 οἱ
1480 2146 1564 2199 μὲν

85 2212 165 2255 τὸν
192 2212 484 2265 Εὐαινετίδην
513 2218 575 2269 (2²)
615 2215 657 2257 οἱ
687 2215 734 2256 δὲ
770 2213 951 2272 Φρύνην
981 2215 1235 2271 (Φρῦνιν),
1274 2211 1302 2255 ὅ
1335 2215 1410 2256 καὶ
1449 2214 1562 2270 μᾶλ-

85 2284 178 2328 λον.
246 2281 332 2326 ὑπὸ
381 2284 554 2326 πολλῶν
600 2285 684 2342 γὰρ
719 2284 1030 2344 κεκωμῴδηται
1065 2284 1123 2336 ὠς
1163 2284 1447 2341 διαφθιίρων
1482 2285 1565 2338 τὴν

86 2352 317 2411 μουσικήν.
376 2359 438 2399 De
467 2355 687 2415 στροβίλῳ
713 2360 806 2399 vide
837 2360 945 2400 nist.
978 2360 1067 2400 crit.
1099 2360 1169 2400 1.1,
1208 2385 1262 2389 --
1294 2359 1434 2400 Vs.17
1465 2373 1563 2402 vera

89 2428 254 2469 videtur
274 2430 453 2469 Burettii
483 2430 686 2471 correctio
716 2429 763 2471 ἐν
788 2428 898 2471 ἔπτα
923 2428 1119 2486 χορδαῖς,
1150 2432 1273 2471 etiam
1305 2431 1355 2470 ab
1374 2432 1562 2473 Ilanovio

88 2501 398 2550 commendata,
426 2502 492 2541 cui
522 2501 634 2542 favet
665 2503 755 2543 cod.
786 2503 1032 2553 Vaticanus,
1063 2505 1104 2543 in
1137 2516 1217 2556 quo
1247 2499 1294 2541 ἐν
1324 2500 1561 2558 πιιταχὸρ·

89 2568 188 2619 dmg
217 2573 418 2625 scriptum
450 2578 526 2614 est.
559 2600 613 2606 —-
645 2574 716 2615 vs.
736 2574 788 2613 18
823 2575 915 2615 cod.
946 2574 1077 2615 Vatic.
1112 2572 1164 2623 ἠν
1194 2589 1269 2630 pro
1300 2567 1341 2613 εἰ
1367 2579 1408 2615 et
1437 2570 1563 2623 αὖτις

91 2655 168 2695 pro
206 2631 633 2690 αὖθις.1)ἰεοίιηιιε
671 2650 809 2686 autem
841 2659 888 2685 ex
922 2645 1003 2685 hoc
1035 2646 1378 2699 10c0‚1¹hrynin
1418 2650 1563 2700 postea

91 2713 142 2754 ad
174 2714 376 2755 saniorem
416 2716 515 2757 artis
552 2717 753 2756 rationem
791 2717 986 2766 rediisse,
1026 2717 1137 2756 unde
1173 2718 1422 2772 intelligitur
1458 2718 1563 2758 haec

92 2789 184 2839 post
215 2784 503 2839 Aristophanis
534 2788 675 2830 Nubes
704 2790 856 2843 scripta
888 2801 994 2831 esse.
1027 2789 1087 2831 lta
1117 2790 1227 2831 enim
1257 2791 1342 2832 illic
1369 2804 1427 2832 vs.
1458 2791 1566 2829 970:
