1786 3210
584 95 1000 170 APAHETIAEZ.
1473 128 1532 170 u

38 238 94 287 δῖε
117 240 353 285 Salmasius
390 242 442 284 ml
472 240 627 296 Script.
652 242 762 284 hist.
793 244 901 297 Aug.
935 242 974 284 Π
1005 255 1047 296 p.
1078 241 1163 283 736
1193 253 1288 296 sqq.
1350 240 1530 286 Senten-

39 314 98 355 tia
135 315 218 355 loci
259 315 443 356 Cratinei
481 315 585 355 haec
625 327 719 354 esse
756 315 945 355 videtur:
1002 314 1041 354 ’0
1074 312 1334 355 Pandionida
1377 315 1448 367 qui
1485 315 1532 358 in

41 386 141 444 eius
162 387 279 430 urbis
309 385 531 438 imperium
562 386 778 436 involasti,
809 387 965 438 insqua
995 389 1189 436 tanquam
1221 384 1263 425 ln
1293 386 1435 426 tabula
1464 386 1531 427 lu·

44 458 157 497 soria
188 457 517 497 latrunculorum
543 455 688 496 ludum
720 461 899 497 tractant
929 456 972 496 h.
993 469 1030 495 e.
1063 456 1115 494 dc
1145 455 1381 508 principatu
1411 469 1531 497 acer-

36 528 144 568 rime
183 528 295 568 inter
334 541 379 568 se
419 526 711 580 digladiantur.
783 526 1063 568 Pandiouides
1103 526 1157 566 dc
1197 525 1363 567 Pericle
1398 527 1531 568 inter-

37 599 267 652 pretandus
311 598 498 648 videtur,
542 612 667 652 quem
710 598 868 640 idcirco
911 598 985 638 illo
1034 597 1206 637 nomine
1249 597 1531 651 compellavit,

39 671 235 722 quoniam
277 670 564 710 Pandioniam:
603 674 699 724 post
737 671 869 723 patris
921 668 1079 709 obitum
1117 667 1306 709 Athenas
1355 667 1531 716 reversi,

37 741 182 785 eiectis
211 741 487 791 Metionidis,
523 754 686 782 nummo
721 754 865 781 rerum
894 740 1019 794 potiti
1048 752 1312 793 regnumque
1344 738 1456 778 inter
1483 749 1533 779 se

33 812 179 864 partiti
209 815 319 853 sunt.
379 812 467 852 Cfr.
501 813 657 864 Heynii
689 813 865 852 Observ.
896 811 950 851 ad
979 811 1176 864 Apollod.
1210 811 1250 851 11
1280 823 1320 863 p.
1352 810 1435 849 341
1466 821 1532 862 sq.

35 880 236 934 Suspicor
266 887 406 923 autem
439 883 564 922 etiam
603 895 756 923 nomen
787 878 996 935 βασιλεὺς
1026 883 1223 935 ambiguo
1261 891 1387 921 seusu
1417 879 1533 933 posi*

34 956 124 995 {nm
154 966 271 993 esse:
307 966 388 1006 quo
421 954 588 994 nomine
620 966 748 1006 quum
779 955 823 994 in
851 953 1185 995 latrunculorum
1216 951 1535 994 ludo‘calculu·

35 1023 200 1066 dicatur
228 1029 408 1077 urgente
438 1025 693 1065 necessitate
724 1025 955 1065 movendus
987 1024 1151 1075 (Schol.
1169 1024 1353 1064 Theocr.
1384 1023 1444 1065 Vl
1476 1023 1534 1064 18

35 1096 335 1138 &Salmasius
365 1097 394 1136 l.
425 1095 511 1148 l.)‚
552 1095 778 1136 videndum
824 1100 890 1135 est
926 1109 980 1136 ne
1020 1095 1102 1136 hoc
1131 1095 1320 1135 indicare
1350 1094 1534 1135 voluerit

35 1165 257 1217 Cratinus,
296 1176 444 1221 regem
474 1156 567 1208 esse
598 1168 830 1217 Periclem,
874 1166 949 1207 sed
986 1168 1077 1220 regi
1117 1168 1160 1207 in
1192 1167 1400 1206 latronum
1429 1164 1533 1206 ludo

36 1238 374 1292 comparandum,
406 1251 530 1292 quem
561 1231 644 1279 non
676 1238 849 1278 dubium
881 1251 975 1279 esse
1007 1238 1106 1291 quin
1138 1237 1534 1278 turbulenti-homi·

33 1321 111 1350 nes
150 1310 202 1350 de
248 1310 483 1363 principatu
530 1311 684 1350 acriter
733 1312 1038 1351 contendentes
1094 1309 1263 1350 tandem
1305 1308 1532 1360 aliquando

32 1379 129 1438 loco
168 1393 244 1420 suo
283 1382 437 1421 moturi
478 1386 522 1421 et
561 1383 605 1422 in
644 1383 868 1423 discrimen
913 1382 1048 1422 daturi
1089 1381 1183 1420 sint.
1244 1380 1387 1420 Unum
1417 1379 1532 1432 quod

31 1462 116 1494 non
147 1453 246 1493 satis
276 1452 464 1504 intelligo
496 1456 560 1493 est
590 1453 851 1493 Athenarum
891 1454 1006 1493 urbis
1046 1452 1266 1505 epitheton
1296 1447 1530 1503 ἐριβιῦλαξ,

32 1522 78 1565 in
108 1536 190 1577 quo
221 1523 478 1563 reconditior
508 1524 642 1565 latere
672 1525 840 1564 videtur
870 1524 1132 1578 ambiguitas.
1193 1520 1402 1581 Antiquae
1433 1521 1532 1563 Pol-

31 1595 140 1638 lucis
174 1596 379 1636 editiones
410 1595 568 1636 habent
597 1594 697 1650 πιερὶ
727 1592 930 1645 κόλακος,
961 1608 1070 1636 unus
1100 1594 1233 1635 codex
1262 1587 1531 1646 ἐρικόλακος,

30 1667 234 1709 meliores
264 1660 548 1719 ἐριβώλακος.
608 1667 790 1721 Lapides
822 1668 1001 1708 lusorios
1035 1668 1162 1706 etiam
1193 1659 1363 1716 βώλους
1394 1664 1531 1705 dictos

30 1737 166 1780 fuisse
203 1737 455 1791 intelligitur
493 1750 544 1778 ex
577 1738 826 1792 Diogeniani
856 1739 983 1779 ProV.
1014 1738 1094 1780 Vll
1126 1736 1205 1777 95:
1245 1730 1531 1791 ὀστρακίνοις

27 1805 116 1865 γὰρ
145 1805 196 1849 τὸ
226 1804 367 1849 πάλαι
396 1803 615 1864 χρώμενοι
653 1805 834 1863 βώλοις,
870 1807 926 1867 τῇ
962 1803 1190 1864 μεταβολῇ
1221 1801 1390 1847 τούτων
1419 1804 1532 1847 πολ-

29 1876 154 1931 λάκις
181 1875 378 1930 ἡττῶντο
408 1875 437 1931 ἢ
466 1876 633 1923 ἐνίκων.
694 1883 758 1923 Εο
789 1883 918 1936 igitur
944 1881 1125 1921 fortasse
1157 1879 1431 1920 referendum
1463 1882 1531 1920 est

30 1951 137 1995 illud
166 1949 393 2008 ἕριβῶλαξ.
439 1953 522 1994 Pro
554 1951 740 2006 βασιλεῦ
771 1954 872 1994 editi
905 1944 959 1994 εἴ
978 1952 1122 2005 scripti
1155 1948 1386 2004 βασιλέως,
1417 1950 1533 2004 quod

31 2024 270 2064 emendavit
298 2025 517 2066 Bentleius
548 2026 684 2079 Epist.
716 2025 768 2066 ad
799 2026 965 2066 Hemst.
997 2038 1038 2078 p.
1057 2024 1128 2064 84.
1189 2024 1339 2064 Restat
1368 2027 1416 2063 ut
1446 2022 1531 2065 Th.

30 2094 203 2149 Bergkii
234 2096 471 2139 Comment.
502 2110 544 2151 p.
576 2098 632 2138 64
661 2097 1057 2151 interpretationem
1094 2096 1292 2145 afferam,
1335 2096 1406 2148 qui
1444 2095 1532 2136 fra-

31 2165 247 2219 gmentum
277 2172 466 2209 nostrum
497 2168 550 2208 ad
581 2168 797 2219 Thurios,
838 2169 1158 2210 Atheniensium
1190 2167 1424 2216 coloniam,
1443 2180 1532 2208 ⁴re-

32 2235 254 2278 ferendum
284 2242 415 2291 putat.
475 2240 790 2289 „Pandionides
821 2241 996 2293 (inquit)
1027 2244 1100 2280 aut
1130 2240 1223 2292 ipse
1253 2244 1320 2280 est
1348 2226 1532 2293 populus

33 2307 344 2357 ‚,Atheniensis,
378 2314 450 2349 aut
478 2323 584 2351 unus
615 2312 765 2363 aliquis
796 2325 821 2351 e
852 2311 1137 2351 conditoribus
1168 2311 1298 2360 urbis,
1330 2311 1532 2363 quirun-

31 2378 241 2429 „dionidis
279 2380 411 2420 tribus
441 2379 534 2421 fuit.
607 2381 691 2422 Sed
721 2381 826 2422 haec
856 2382 994 2421 fateor
1022 2381 1204 2422 incerta:
1241 2394 1415 2435 prorsus
1454 2394 1531 2423 au-

31 2454 147 2502 „tem
179 2451 423 2500 obscurum,
455 2464 654 2504 quorsum
685 2457 848 2506 spectet
878 2453 1219 2493 commemoratio
1250 2454 1338 2494 ludi
1369 2453 1530 2496 latrun-

33 2522 267 2572 „culorum.
337 2522 535 2563 Fortasse
566 2525 761 2564 Cratinus
792 2525 924 2564 voluit
956 2526 1230 2574 discordiam,
1271 2538 1379 2577 quae
1411 2527 1530 2567 Thu-

33 2592 216 2642 „riorum
248 2593 405 2635 incolas
435 2595 668 2645 vexaverit,
708 2596 976 2649 significare:
1020 2597 1139 2638 Plato
1182 2601 1300 2637 certe
1330 2610 1412 2638 non
1446 2598 1530 2642 dis-

35 2664 154 2716 „pari
181 2677 350 2718 prorsus
380 2666 543 2707 ratione
573 2667 695 2708 Civit.
729 2667 787 2710 lV
817 2681 858 2721 p.
889 2668 975 2710 423
1006 2670 1043 2710 A
1084 2670 1208 2710 dixit:
1253 2664 1414 2721 ἑκάστη
1443 2667 1531 2726 γὰρ

34 2727 210 2785 ,,αὐτῶν
255 2731 401 2786 πόλεις
451 2730 539 2778 εἰσὶ
564 2734 869 2795 πάμπολλαι,
917 2732 1019 2782 ἀλλ’
1063 2735 1118 2782 οὐ
1154 2736 1303 2796 πόλις,
1352 2739 1402 2783 τὸ
1443 2741 1531 2784 τῶν
