1786 3210
542 181 806 224 mnumu
837 151 1143 223 manans.
1472 187 1558 230 849

63 298 146 337 ..tur
172 293 359 336 a‘schol.
390 293 578 336 Platonis
607 308 648 348 p.
678 295 777 336 379.
835 294 1034 335 Fortasse
1062 294 1191 347 igitur
1218 295 1262 335 in
1291 299 1459 340 nomine
1489 314 1557 342 er-

63 365 185 407 'ravit
211 366 527 416 Grammaticus,
557 366 602 407 id
631 365 743 418 quod
773 364 898 405 etiam
923 365 1144 406 Eustathio
1174 365 1325 406 accidit
1353 369 1405 408 ad
1435 370 1554 411 Iliad.

74 449 118 490 p.
147 436 260 478 1290
288 436 366 477 45:
397 432 448 475 τὸ
478 433 746 491 παφλάζειν,
774 427 836 482 εἰς
865 428 894 474 ὃ
920 433 1041 474 ποιεῖ’
1069 430 1344 489 Φερεκράτης
1372 437 1557 488 ,,Λοπὰς

70 502 293 560 παφλάζει
322 502 566 562 βαρβάροις
595 503 890 560 λαλήμασιν.”
949 506 1031 560 Qui
1054 506 1211 547 Eubuli
1241 521 1386 552 versus
1416 514 1482 552 est
1504 512 1556 552 ab

0 601 3 604 >
73 577 294 621 Athenaeo
323 579 382 622 VI
411 592 453 632 p.
484 580 569 620 229
584 592 621 620 a.
653 584 853 620 servatus.

737 730 891 771 XXXI.

121 802 212 852 ‘'Iv'
242 808 560 869 ἄφυπνισθῆτ”
591 803 672 855 οὖν
700 810 940 871 άκροᾶσθ’,
969 810 1057 864 ἤδη
1086 809 1170 870 γὰρ
1199 812 1274 854 καὶ
1303 811 1496 869 λέξομεν.

187 927 491 977 Grammaticus
521 929 701 970 Bekkeri
729 929 887 971 Anecd.
911 941 952 982 p.
971 928 1055 969 473
1084 929 1125 969 8.
1154 922 1554 983 Ἀφυπνισθῆ-

72 1007 186 1040 ναις
236 995 288 1039 τὸ
327 997 373 1050 ἐξ
410 991 553 1040 ὕπνου
589 988 846 1055 ἐγερθῆναι.
921 994 1194 1054 Φερεκράτης
1229 991 1327 1038 ‘'Iv'
1361 996 1556 1055 ἀφυπνι-

71 1062 219 1120 σθῆτ’
251 1058 333 1112 οὗν
360 1068 452 1112 κτλ.
511 1072 712 1114 Similiter
741 1072 938 1125 loquutus
970 1076 1040 1113 est>
1056 1072 1250 1113 Cratinus
1271 1072 1439 1125 Fragm.
1472 1072 1555 1113 inc.

70 1139 154 1184 fab.
184 1141 237 1185 V.

722 1255 899 1297 XXXII.

342 1332 410 1378 'H
434 1335 512 1389 τῆς
538 1333 725 1395 ἄχε’ρδου
755 1339 833 1391 τῆς
862 1334 1241 1395 άκραχολωτάτης.

183 1453 488 1495 Grammaticus
517 1454 698 1495 Bekkeri
727 1456 887 1496 Anecd.
914 1470 955 1509 p.
985 1454 1070 1495 475
1101 1455 1178 1495 12:
1217 1448 1447 1509 Ἀχράδας
1475 1450 1556 1502 τὰς

69 1519 276 1581 ἆχέρδους
305 1521 508 1576 λέγουσιν
547 1549 603 1556 -
640 1523 744 1573 ἴσως
785 1521 835 1565 ‹5’
867 1521 891 1566 ὁ
929 1527 1012 1579 μὲν
1040 1521 1208 1581 καρπὸς
1235 1520 1390 1580 ἀχράς,
1424 1521 1476 1565 τὸ
1506 1523 1554 1565 δὲ

54 1584 256 1651 ’δένδρον
285 1591 478 1650 ἄχερὸος.
543 1592 819 1651 Φερεκράτης
847 1591 924 1636 ”H
963 1595 1040 1647 τῆς
1070 1592 1256 1651 ἀχὲρδου
1285 1595 1376 1638 κτλ.
1438 1598 1552 1650 Ope-

69 1679 210 1708 rarum
241 1667 386 1709 eri-ore
407 1667 517 1721 apud
545 1668 783 1709 Bekkerum
814 1669 969 1722 legitur
997 1663 1396 1723 άκραρχολωτάτης.
1460 1668 1555 1721 Spi-

70 1751 214 1780 nosam
246 1752 338 1780 esse
367 1733 552 1792 ἄχερὸον
585 1745 759 1789 constat,
789 1741 900 1780 unde
930 1734 1176 1794 ἀκράχολοι)
1207 1754 1297 1779 eam
1328 1740 1427 1779 dicit
1442 1739 1554 1779 Phe-

69 1813 268 1851 recrates.
327 1810 626 1851 Feracissimus
658 1812 748 1851 eius
778 1811 937 1852 arboris
967 1811 1049 1851 fuit
1079 1813 1224 1851 demus
1254 1811 1552 1852 Acherdusius.

68 1881 182 1923 Hine
218 1882 378 1922 arboris
415 1885 603 1922 naturam
646 1882 699 1922 ad
727 1883 957 1925 incolarum
992 1884 1177 1925 indolem
1207 1883 1419 1923 transtulit
1449 1883 1551 1922 sori-

67 1940 165 2006 μοι’
193 1952 378 1994 incertus
407 1953 517 2007 apud
547 1954 731 2007 Etymol.
763 1955 826 1996 M.
856 1969 899 2009 p.
931 1956 1013 1997 181
1045 1955 1094 1996 5:
1124 1950 1359 2010 μοχθηρὸς
1384 1964 1448 1993 ων
1476 1951 1552 1993 καὶ

68 2017 151 2074 τὴν
177 2018 358 2078 γνώμην
384 2018 680 2079 ἀχερδούσιος.

710 2150 907 2191 ΧΧΧΠΙ.

294 2235 394 2279 Ποῖ
415 2236 565 2293 κῆχοςς
593 2236 650 2278 Β.
683 2235 822 2294 ἐγγύς,
853 2236 1025 2295 ἡμερῶν
1054 2256 1099 2294 γε
1134 2237 1360 2296 τεττάρων.

182 2351 484 2394 Grammaticus
515 2354 702 2394 eramen-i
727 2354 885 2396 Anecd.
918 2355 935 2395 1
966 2369 1008 2408 p.
1024 2356 1109 2396 344
1139 2358 1209 2398 27.
1239 2353 1392 2409 κῆχοςε
1424 2353 1558 2405 δηλοῖ

44 2418 117 2463 ’δὲ
146 2420 198 2463 τὸ
225 2418 386 2473 δήπου·
418 2419 718 2464 συντάσσεται
747 2420 867 2481 αὐτῷ
897 2424 958 2482 τῷ
986 2423 1081 2478 (τὸ)
1112 2427 1211 2467 ποῖ·
1240 2422 1300 2475 ὠς
1333 2421 1552 2480 Φερεκρά-

67 2505 147 2544 της
174 2492 276 2534 ῙΙοῖ
297 2491 446 2555 κῆχος,·
481 2493 573 2536 κτλ.
648 2497 831 2549 Etymol.
862 2498 924 2538 M.
952 2511 995 2551 p.
1026 2499 1111 2539 (382
1140 2498 1221 2539 52:
1266 2496 1365 2537 Ποῖ
1396 2496 1547 2552 κῆχος]

68 2560 183 2615 ζήτει
210 2564 286 2606 καὶ
324 2563 470 2608 τοῦτο.
528 2564 642 2607 Ποῖ
676 2564 863 2621 κῆχοςς
907 2562 986 2616 εἰς
1028 2565 1123 2608 τὸν
1159 2565 1416 2624 οὐρανόν.
1473 2567 1550 2610 καὶ

65 2627 401 2691 Ἀριστοφάνης
438 2635 550 2677 Ποῖ
581 2635 764 2691 κῆχοςς
800 2633 944 2679 εὐθὺ
980 2635 1263 2692 Σικελίας.
1322 2640 1398 2680 καὶ
1427 2636 1550 2695 παρὰ

75 2702 337 2761 Φερεκράτει
373 2706 487 2748 Ποῖ
517 2706 701 2764 κῆχος;
738 2709 815 2749 καὶ
851 2703 894 2749 εἰ
929 2710 1011 2764 μὲν
1048 2708 1392 2766 παρεζευγμὲνον
1419 2707 1549 2767 εὑρή-

71 2787 161 2824 σεις
189 2772 242 2817 τὸ
271 2776 354 2819 ποῖ’
375 2775 436 2835 τῷ
461 2773 597 2833 κὴχει.
638 2775 994 2835 ,Ἐρατοσθένης
1032 2779 1079 2822 δὲ
1115 2778 1337 2837 λαμβάνει
1363 2781 1409 2823 ἐκ
1439 2778 1550 2823 ταὺ-
