1786 3210
253 197 340 239 350
481 188 484 193 ’
813 195 1219 238 PHERECRATIS
1751 0 1786 222 1

255 323 334 361 της
358 301 439 360 τῆς
469 301 733 360 συντάξεως,
764 306 851 349 ποῦ
878 304 1028 363 ἐγγύς,
1055 307 1134 349 καὶ
1159 301 1222 357 εἷς
1251 304 1353 349 τίνα
1383 304 1536 351 τόπον.
1594 311 1642 353 In
1672 310 1739 353 his
1772 296 1786 350 *f

254 386 352 438 post
378 377 509 435 κήχει,
539 392 618 433 pro
647 392 730 433 quo
759 378 889 435 κῆχος
918 382 1198 431 scribendum,
1222 381 1469 436 Sylburgiue
1495 383 1665 437 supplet
1691 371 1741 422 εὗ
1783 383 1785 385 ’

255 449 361 508 ἔχει,
399 452 510 506 quod
547 463 631 491 non
671 451 844 493 sufficit.
924 453 1192 494 Perdifficilis
1231 457 1370 493 autem
1408 452 1574 494 lonicae
1609 453 1737 495 huius

255 525 478 579 (Apollon.
508 523 562 562 de
591 522 696 563 Adv.
728 535 770 576 p.
799 523 883 563 596
899 523 945 575 f)
985 524 1215 577 particulae
1253 524 1471 577 explicatio
1509 529 1586 566 est.
1645 525 1740 566 Hoc

253 601 392 637 tamen
425 593 612 645 exempla
651 606 674 632 a
704 595 983 645 grammaticis
1022 595 1144 634 allata
1176 595 1330 634 docere
1370 595 1590 646 videntur,
1628 595 1740 637 idem

253 667 347 707 fere
387 678 478 705 eam
506 664 756 717 ‚significare
791 665 903 717 quod
942 659 997 713 δή
1038 678 1145 704 ποτε
1184 666 1251 704 vel
1284 662 1338 714 δή
1371 678 1470 706 που.
1535 664 1634 705 Ποῖ
1663 663 1742 715 κῆ-

250 750 349 790 χοςς
377 729 437 783 εἷς
468 731 547 773 τὸν
576 728 781 788 οὐρανόν.
835 735 924 786 Quo
952 737 1126 777 tandem
1155 736 1326 776 tendis?
1355 738 1402 776 in
1432 737 1607 778 caelum.
1648 735 1748 776 Ποῖ

253 807 410 861 κῆχος;
438 800 558 845 εὐθὺ
587 801 806 852 Σικελίας.
873 807 962 857 Quo
992 808 1165 848 tandem
1195 808 1366 849 tendis?
1394 814 1514 849 recta
1544 810 1592 849 in
1623 806 1739 848 Sica·-

254 879 372 920 liam.
439 878 577 929 Atque
606 877 664 917 ita
695 878 819 916 etiam
849 877 891 917 in
924 878 1187 919 Pherecratis
1226 880 1343 920 loco:
1384 893 1462 934 quo
1492 879 1664 920 tandem
1693 883 1743 919 tu

246 962 434 1006 peregre
462 948 589 988 abis?
618 949 665 988 in
693 945 913 988 bicinium.
974 949 1132 1001 Quibus
1163 946 1285 1005 παρὰ
1311 946 1587 1005 προσδοκίαν
1613 949 1742 992 subii-

254 1023 364 1064 citur
392 1015 566 1075 ἡμερῶν
595 1031 642 1071 γε
672 1014 912 1072 τεττάρων,
956 1020 1046 1061 scil.
1077 1014 1208 1072 ὁδόν,
1239 1022 1350 1074 quod
1379 1022 1420 1063 in
1451 1020 1739 1075 superioribus

253 1094 322 1136 vel
351 1093 394 1134 in
424 1091 697 1144 sequentibus
728 1090 923 1131 adfuerit.
985 1091 1119 1132 Recte
1148 1091 1276 1145 igitur
1305 1093 1464 1133 Moeris
1479 1106 1521 1146 p.
1537 1093 1637 1134 227.
1664 1088 1742 1142 κῆ-

248 1177 354 1219 χοςε
382 1158 482 1203 ἀντὶ
512 1159 593 1202 τοῦ
622 1156 692 1211 δή.
751 1161 956 1214 Hesychii
985 1162 1137 1215 glossa,
1170 1161 1344 1216 Κῆχοςε
1376 1158 1524 1210 τόπος.
1561 1161 1638 1203 καὶ
1665 1161 1750 1203 ποῖ’

253 1233 411 1288 κῆχος,
441 1232 524 1274 ποῖ
546 1229 646 1285 γῆς,
676 1233 734 1273 ita
765 1232 1012 1286 corrigenda
1041 1233 1229 1283 videtur,
1261 1231 1431 1286 Κῆχοςε
1461 1229 1513 1272 τὸ
1543 1229 1631 1273 ποὺ
1661 1238 1741 1276 etc.

253 1306 439 1360 Etymol.
486 1305 549 1346 Μ.
591 1317 633 1357 p.
663 1303 749 1343 512
790 1304 859 1344 23.
913 1301 1066 1356 κῆχοςε
1116 1299 1337 1358 ἐπίρρημα
1377 1300 1479 1343 ἅντὶ
1521 1302 1599 1345 τοῦ
1640 1303 1741 1348 ποῦ.

253 1378 371 1431 Lege
401 1372 502 1415 ἀντὶ
531 1371 609 1413 τοῦ
640 1369 740 1413 πού.
810 1374 1112 1427 interrogativa
1152 1375 1262 1415 enim
1289 1375 1414 1416 huius
1444 1375 1650 1418 formulae
1677 1379 1759 1418 vis.

252 1462 336 1490 non
366 1449 410 1488 in
439 1443 571 1499 κῆχος
599 1445 674 1486 sed
703 1446 746 1486 in
777 1444 860 1485 ποῖ
884 1449 948 1485 est
978 1446 1125 1498 posita.
1194 1446 1257 1486 De
1288 1449 1427 1500 etymo
1458 1448 1571 1489 vocis
1601 1452 1741 1490 tacere

251 1523 438 1573 praestat
468 1530 590 1570 quam
627 1517 807 1557 incertas
848 1517 1108 1557 coniecturas
1139 1517 1389 1570 periclitari,
1428 1519 1560 1570 qualis
1589 1521 1741 1561 Erato-

253 1590 414 1632 sthenis
452 1593 538 1638 est,
578 1586 707 1641 κῆχος
738 1601 788 1627 ex
817 1584 870 1637 κὴ
902 1603 954 1623 =
986 1584 1046 1641 τιὴ
1078 1593 1120 1627 et
1150 1582 1284 1641 ἄγχος
1314 1604 1369 1626 =
1399 1584 1503 1642 ἄγχι
1533 1592 1740 1646 composi-

251 1668 342 1705 tum
373 1662 564 1704 dicentis.
624 1661 676 1703 V.
707 1660 1013 1701 Bernhardium
1032 1659 1095 1701 ,ad
1125 1661 1340 1702 Eratosth.
1372 1674 1414 1714 p.
1445 1662 1545 1704 227.

905 1807 1098 1850 XXXIV.

479 1890 771 1950 Βριθομένης
801 1887 995 1945 ἀγαθῶν
1025 1888 1244 1947 έπὶμεστοι
1272 1886 1497 1948 τραπέζης.

278 2032 283 2036 ·
365 2009 620 2064 Hesychius,
656 2003 927 2061 Ἐπίμεσται
967 2002 1134 2062 πλήρη,
1172 2005 1402 2047 τουτέστιν
1430 2005 1503 2046 ἐπὶ
1530 2004 1739 2062 κεφαλῆς,

254 2079 332 2121 καὶ
360 2076 422 2134 μὴ
454 2077 736 2133 ἀπεψημένα.
773 2073 1069 2131 Φερεκράτης·
1101 2076 1403 2131 Βριθομένων
1433 2071 1627 2129 ἀγαθῶν
1663 2075 1738 2117 ἐπὶ
1785 2106 1786 2109 =

252 2148 479 2206 τραπέζης.
552 2151 600 2191 Iu
639 2151 705 2190 his
743 2144 958 2201 ἐπίμεστα
999 2163 1074 2202 pro
1106 2146 1178 2188 ἐπὶ
1208 2150 1497 2190 Blomfieldius
1528 2151 1655 2203 gloss.
1686 2150 1739 2191 ad

253 2223 453 2275 Aeschyl.
484 2222 601 2274 Sept.
634 2234 670 2261 c.
686 2220 768 2261 Th.
796 2221 894 2270 141,
927 2219 1203 2274 βριθομένης
1233 2234 1309 2274 pro
1339 2219 1626 2274 βριθομένων
1655 2221 1738 2262 Th.
1785 2207 1786 2216 ἶ

251 2294 458 2347 Bergkius
490 2293 724 2333 Commeat.
755 2305 796 2344 p.
813 2291 910 2341 304,
943 2293 1012 2344 qui
1043 2291 1262 2345 praeterea
1292 2287 1599 2340 πάντωνζοηῐθ
1628 2289 1735 2344 ἀγα-

252 2362 356 2404 θῶν
396 2363 589 2405 inseruit.
651 2363 714 2403 De
743 2357 973 2415 ἐπίμεστα,
1003 2363 1115 2416 quod
1145 2363 1439 2404 adverbialiter
1474 2365 1740 2414 sumendum,

252 2436 348 2476 vide
385 2435 549 2476 Polluc.
580 2433 637 2476 1v
679 2434 761 2473 169
802 2437 845 2473 et
881 2447 986 2487 quos
1026 2434 1231 2487 Bergkius
1269 2435 1406 2475 attulit
1452 2436 1736 2490 Phrynichum

254 2507 384 2548 Bekk.
415 2519 457 2560 p.
479 2505 536 2545 40
565 2504 593 2544 4
623 2508 667 2545 et
696 2503 996 2546 Callimachum
1026 2506 1069 2545 in
1104 2506 1201 2546 Cer.
1233 2505 1329 2546 134.

923 2630 1095 2672 XXXV.

367 2724 624 2777 Hesychius,
657 2721 715 2764 M
721 2719 884 2776 ίμαρκ
898 2733 974 2768 vg:
1007 2716 1152 2760 κοιλία
1182 2719 1257 2760 καὶ
1287 2715 1440 2775 ἔντερα
1469 2717 1549 2760 τοῦ
1580 2716 1738 2775 ἱερεῖον

252 2790 370 2847 μεθ’
407 2789 599 2849 αἵματος
635 2785 952 2846 σκευαζόμενα,
989 2784 1184 2845 μάλιστα
1227 2788 1274 2831 δὲ
1315 2790 1392 2831 καὶ
1428 2789 1504 2832 ἐπὶ
1538 2788 1736 2844 λαγωῶν,
