1786 3210
687 193 828 236 ΒΑΗ
836 194 958 238 ΤΑΙ.
1487 203 1573 246 449

81 319 154 353 um
182 306 412 352 catalectici
443 311 738 353 continuentur
763 311 964 353 vocabulo
994 311 1036 352 in
1053 311 1156 352 duas
1179 316 1320 365 partes
1346 315 1572 372 discen-pto,

7 384 34 422 ,’
67 390 164 421 ,uon
205 381 343 423 locum
384 396 477 424 esse
517 383 702 437 syllabae
739 381 923 436 ancipiti.
981 383 1203 439 Existimat
1231 384 1360 438 igitur
1389 388 1572 442 Eupolin

46 458 56 462 “·
79 460 201 492 usum
233 465 327 493 esse
356 453 492 495 forma
522 448 865 508 πρωβοὺλευμα,
907 466 1030 507 quam
1067 459 1280 507 comparat
1318 468 1413 496 cum
1443 459 1570 500 attico

79 521 359 575 πρωπέρυσί,
401 526 454 566 de
493 538 575 579 quo
615 525 711 565 vide
751 525 804 565 ad
836 525 1036 566 Pherecr.
1071 538 1112 578 p.
1145 526 1242 567 360.
1316 528 1571 571 Credibilius

81 592 185 635 mihi
216 595 380 637 videtur
409 598 770 651 Hephaestionem
800 597 949 639 vitiosa
989 597 1172 638 lectione
1208 597 1430 652 deceptum
1463 613 1571 651 esse,

80 664 263 719 Eupolin
294 672 432 709 autem
462 671 698 723 scripsisse,
1130 662 1137 671 ”

851 733 902 778 οὐ
934 735 1016 793 γὰρ
1048 735 1159 779 ἀλλὰ
1191 734 1286 796 πρῴ

364 805 590 865 βούλευμα
621 804 896 864 βαστάζουσι
925 838 981 844 -

80 877 124 919 h.
142 892 179 920 e.
210 880 291 921 iam
322 881 431 922 enim
463 896 486 922 a
515 883 648 936 primo
679 896 801 923 mane
831 882 884 923 de
916 882 1059 936 populi
1089 882 1193 922 scito
1226 882 1471 924 deliberant.
1518 882 1573 924 ld

0 976 1 1000 3
81 951 189 991 enim
221 952 426 1005 significat
442 948 753 1005 βαστάζουσιν,
776 958 831 994 -ut
860 953 971 994 infra
1001 952 1085 994 fab.
1099 954 1180 994 inc.
1194 955 1362 1007 Fragm.
1379 953 1453 994 111.
1487 953 1572 994 Mi-

79 1034 158 1062 nus
199 1028 315 1063 recte
357 1025 614 1066 Fritzschius
656 1028 735 1078 Qu.
776 1026 902 1066 Arist.
936 1025 954 1065 1
996 1038 1036 1077 p.
1073 1025 1157 1065 238
1198 1027 1324 1066 vertit
1369 1024 1571 1078 afferunt.

78 1091 142 1134 De
167 1089 262 1149 πρῲ
290 1094 436 1136 confer
459 1097 636 1137 Ruhnln
666 1097 719 1137 ad
751 1097 862 1137 Tim.
893 1110 934 1149 p.
965 1097 1062 1137 226.

777 1219 872 1262 Vll.

305 1298 440 1342 'Am'
471 1301 632 1354 ἐξολεῖς
660 1316 716 1357 με
746 1302 824 1344 ναὶ
852 1300 917 1357 μὰ
943 1299 1026 1353 τὴν
1055 1299 1330 1357 ἀμυγδαλῆν.

194 1393 462 1436 Herodianus
502 1396 599 1437 dict.
630 1396 740 1438 solit.
771 1410 812 1450 p.
843 1397 870 1435 6
899 1395 976 1436 24:
1015 1391 1163 1447 παγῆ,
1202 1391 1318 1447 γαλῆ
1334 1421 1345 1442 ,
1379 1390 1571 1448 μυγαλῆ,

78 1458 327 1518 ἀμυγδαλῆ.
400 1461 595 1515 Εὔπολις
636 1463 846 1516 Βάπταις
899 1462 1232 1520 Ἀλλεξομέλεις
1290 1460 1573 1519 μεναιμάτην

79 1528 329 1588 ἀμυγδαλῆ.
370 1537 432 1578 Ita
462 1540 606 1580 codex.
639 1540 831 1581 Correxit
862 1538 1060 1579 Blochius
1100 1541 1144 1578 et
1175 1537 1424 1578 Runkelius.
1469 1536 1571 1578 Diu-

80 1605 238 1648 dorfius
268 1607 408 1650 Praef.
439 1623 480 1664 p.
512 1611 571 1653 Vl
609 1607 711 1651 ἀλλ’
741 1607 967 1662 ἐξαπολεῖς
996 1621 1072 1659 με,
1117 1610 1244 1649 ductu
1276 1608 1484 1651 Athenaei
1515 1608 1571 1649 II.

79 1688 123 1730 p.
152 1677 209 1719 53
224 1691 261 1719 a.
289 1675 485 1729 Εὔπολις
533 1678 745 1731 ’Λπολεῖς
774 1694 829 1736 με
861 1680 935 1720 ναὶ
964 1676 1028 1734 μὰ
1059 1676 1142 1729 τὴν
1172 1676 1449 1733 ἀμυγδαλῆν.
1509 1679 1572 1720 lta

82 1760 133 1789 ex
173 1748 265 1790 cod.
297 1750 332 1791 C
371 1753 571 1806 scriptum
613 1767 690 1808 pro
729 1755 897 1808 vulgato
937 1747 1214 1804 ἀμυγδάλην,
1285 1751 1398 1792 Mire
1434 1750 1572 1791 Fritz-

81 1819 222 1861 schius
253 1822 421 1874 Quaest.
453 1826 579 1867 Arist.
623 1827 641 1867 1
684 1840 726 1880 p.
757 1826 841 1866 226
885 1818 1027 1877 spreto
1068 1822 1299 1864 Herodiani
1339 1825 1570 1875 praecepto

82 1891 262 1932 coniecit
289 1886 601 1948 ἀμυγδάλληυ,
640 1901 687 1938 ut
725 1901 906 1938 metrum
936 1895 1274 1949 Hipponacteum
1312 1894 1570 1954 restitueret.

81 1962 132 2004 V.
162 1963 328 2018 Fragm.
360 1965 476 2008 x111.

768 2081 886 2125 V111.

195 2163 454 2218 Hesychius,
494 2160 726 2214 Βάστας
764 2162 788 2206 ὁ
823 2165 982 2215 Χῖος;
1015 2160 1293 2219 Δημοκρίτου
1322 2157 1568 2213 ἐπώνυμον,

82 2229 212 2273 καθὰ
257 2233 333 2273 καὶ
366 2230 566 2283 Ἐὔπολις
615 2235 662 2276 ἐν
697 2233 918 2284 Βάπταις.
977 2233 1072 2276 ἔστι
1118 2235 1163 2276 δὲ
1213 2229 1567 2288 ἱστοριογράφος.

84 2304 228 2346 Codex
280 2302 443 2344 Βαστα
491 2320 643 2359 υχειος.
732 2308 1008 2349 scribendum
1053 2308 1181 2360 igitur
1222 2305 1359 2359 potius
1402 2305 1568 2345 videtur

82 2370 246 2415 Βάστα
276 2370 301 2414 ὁ
321 2374 444 2424 Χῖος.
476 2378 645 2419 Falsum
674 2385 814 2420 autem
847 2393 940 2419 esse
971 2378 1081 2430 quod
1100 2378 1382 2418 Democritum
1411 2376 1462 2415 ab
1480 2376 1567 2415 Eu-

83 2447 226 2500 polide
267 2456 636 2490 commemoratum
667 2449 1051 2502 historiographum
1089 2449 1219 2489 fuisse
1257 2448 1377 2496 dicit,
1425 2447 1568 2487 docuit

82 2517 447 2567 Hemsterhusius‚
482 2524 719 2571 opportune
749 2521 976 2560 admonens
1005 2521 1204 2574 Diogenis
1235 2519 1375 2559 Laert.
1408 2517 1466 2558 IX
1496 2518 1566 2559 49.

83 2588 156 2635 uhi
184 2589 466 2637 Democritum
498 2590 648 2631 Chium
687 2592 843 2632 musica
880 2595 968 2631 arte
1007 2589 1300 2639 clarissimum,
1328 2589 1567 2639 ¹Democriti

86 2657 309 2700 Abderitae
339 2660 578 2713 aequalem,
619 2667 931 2703 commemorat.
1005 2664 1130 2703 Hunc
1175 2666 1218 2701 ct
1248 2661 1566 2702 Theoxeuidem

87 2727 307 2781 Siphnium
334 2732 516 2773 omnium
538 2734 693 2787 primos
722 2734 867 2784 fuisse,
900 2734 970 2786 qui
1000 2733 1254 2774 chromatico
1284 2745 1442 2786 genere
1473 2736 1565 2773 ute-

88 2802 256 2848 rentur,
295 2805 440 2842 auctor
477 2807 541 2845 est
586 2804 757 2857 Suidas
782 2818 821 2846 v.
859 2801 1034 2858 χιάζειν.
1116 2803 1192 2846 err
1228 2804 1379 2845 Pollux
1408 2804 1467 2847 1V
1497 2803 1564 2842 66.

109 2915 123 2925 ,
147 2879 318 2913 Comoed.
353 2884 425 2915 ant.
1246 2874 1302 2913 29
