1786 3210
1459 106 1479 124 Ο

720 155 758 198 Δ
763 154 817 198 Η
822 153 880 198 Μ
883 152 959 199 ΟΙ.
1076 178 1089 191 =
1501 159 1588 202 469

89 269 280 326 θόντας,
307 284 495 314 reversos
526 270 586 312 ad
611 249 786 326 inferos.
839 269 1086 312 Hemsterh.
1117 270 1169 311 ud
1199 270 1352 313 Thom.
1370 271 1587 328 Mag.p.5

23 355 25 357 '
89 347 300 390 scribebat
339 337 632 391 ἀπελθόντὲς.
699 344 809 384 Tum
842 341 1130 383 Bernlrardius
1173 336 1334 389 πάντες
1374 345 1586 387 coniunxit

89 431 184 461 cum
215 412 495 471 δεχόμεσθα,
537 415 771 468 accipimus
801 427 955 455 omnes.
1027 413 1107 454 Cui
1146 414 1297 454 rationi
1335 427 1481 466 parum
1522 415 1585 457 fa-

89 494 189 531 vent
232 489 314 530 loci
360 486 492 540 qualis
532 490 596 525 est
633 485 922 539 Aristophanis
958 486 1035 527 Av.
1077 484 1174 525 645.
1223 480 1336 523 ἀλλὰ
1380 481 1587 542 χαίρετον

94 555 247 615 ἄμᾳω.
288 556 345 600 Β
361 551 604 610 δεχόμεθηα
644 556 923 599 Personarum
955 557 1068 597 vices
1097 557 1155 595 ita
1185 556 1354 597 distinxi
1384 562 1430 597 ut
1460 558 1587 599 verba

85 628 258 687 χαίρετε
291 624 452 676 πάντες
483 628 810 682 demagogorum
849 628 1008 669 umbris
1039 627 1288 678 tribuantur,
1321 622 1584 682 δεχόμεσθα

91 707 230 746 autem
272 716 295 743 a
325 701 456 742 choro
499 701 586 741 sive
624 699 742 742 malis
774 714 798 742 a
826 698 946 743 Nicia
976 699 1199 756 Myronide
1242 700 1478 754 ceterisque
1517 714 1586 742 re·

74 811 75 814 ,
94 775 365 830 spondeatur.

194 992 285 1040 ‘'Ov
310 995 424 1055 χρῆν
453 993 501 1039 ἔν
530 1009 573 1038 τε
604 995 703 1046 ταῖς
732 994 928 1053 τριόδοις
956 992 1040 1039 κάν
1070 996 1161 1046 τοῖς
1192 991 1461 1053 ὁξυθυμίοις

200 1080 534 1141 προστρόπαιον
563 1080 641 1133 τῆς
670 1077 836 1132 πόλεως
863 1078 1064 1126 κάεσθαι
1098 1078 1345 1138 τετριγότα.

203 1199 481 1254 Harpocratio
510 1212 553 1276 p.
585 1198 669 1239 138
702 1198 781 1244 14:
817 1195 864 1238 ἐν
905 1195 951 1238 δὲ
994 1194 1054 1254 τῷ
1096 1192 1384 1251 ὑπομνήματι
1416 1188 1478 1244 εἰς
1505 1191 1587 1235 τόν

89 1267 204 1311 κατὰ
234 1265 445 1323 Δημάδου
485 1264 544 1307 τὰ
571 1266 618 1307 ἐν
648 1267 746 1316 ταῖς
775 1264 971 1323 τριόδοις
1001 1268 1144 1324 φησὶν
1175 1269 1420 1323 (Didymus)
1447 1262 1587 1307 ‘Exa-

90 1341 217 1393 ταῖα,
255 1334 370 1382 ὅπου
398 1336 453 1380 τὰ
482 1334 720 1395 καθάρσια
752 1335 911 1395 ἔφερόν
941 1351 1077 1390 τινες,
1117 1334 1150 1379 c‘e'
1179 1335 1409 1392 ὀξυθύμια
1443 1336 1588 1378 καλεῖ-

89 1427 178 1454 ται.
238 1408 432 1460 Εὔπολις
462 1398 671 1465 Δήμοις(
677 1403 753 1452 ’ον
785 1409 900 1467 χρῆν
937 1407 984 1451 ἐν
1021 1425 1066 1451 τε
1095 1411 1187 1454 κτλ..
1251 1411 1443 1465 Respicit
1472 1410 1587 1452 Pho-

91 1486 172 1527 tius
196 1498 238 1539 p.
255 1485 341 1526 340
372 1485 440 1525 16.
471 1478 723 1537 ὀξυθύμια;
755 1480 810 1522 τὰ
839 1479 1214 1541 ἀποκαθάρματα
1245 1494 1334 1525 των
1360 1492 1588 1537 μυσαρων.

89 1554 133 1597 οἱ
170 1553 217 1595 δὲ
253 1551 308 1595 τὰ
344 1550 613 1608 ἀγχονιμαῐα
651 1550 782 1606 ξύλα·
827 1553 870 1596 οἱ
911 1553 957 1596 δὲ
1002 1552 1105 1604 τοὺς
1141 1550 1306 1603 τόπους
1342 1551 1389 1594 ἐν
1431 1543 1498 1601 οἷς
1531 1547 1587 1593 τὰ

88 1624 276 1668 τοιαῦτα
319 1624 589 1675 κατεκαίετο.
655 1621 851 1679 Εὔπολις
892 1622 1072 1679 Δήμοις.
1150 1628 1224 1670 Vs.
1258 1628 1282 1668 1
1334 1639 1380 1666 τε
1427 1626 1588 1672 addidit

93 1699 309 1742 Porsonus
347 1698 453 1740 Adv.
491 1712 532 1752 p.
564 1698 662 1741 280.
732 1698 810 1741 cn·
849 1699 1112 1740 Gaisfordius
1152 1699 1204 1740 ad
1243 1689 1384 1753 Hepln.
1414 1711 1456 1752 p.
1486 1697 1586 1740 358.

92 1771 177 1812 Pro
209 1768 307 1818 ταῖς
336 1770 405 1810 alii
436 1770 532 1810 libri
562 1772 719 1811 τοῖσιν.
788 1771 929 1814 Possis
958 1772 1088 1825 igitur
1118 1769 1165 1810 ἐν
1196 1770 1344 1810 ταῖσιν
1375 1763 1586 1824 τριόδοις.

91 1868 147 1876 -—
176 1842 250 1885 Vs.
281 1843 308 1882 2
350 1835 683 1896 προστρόπαιον
711 1839 788 1891 τῆς
819 1837 984 1893 πόλεως
1016 1843 1156 1887 dicere
1179 1843 1344 1885 videtur
1372 1842 1585 1887 hominem

91 1914 245 1955 civitati
287 1913 555 1966 piacularem.
614 1914 731 1954 Libri
763 1909 871 1967 πρὸς
901 1910 954 1952 τὸ
985 1909 1216 1966 τρόπαιον.
1279 1913 1471 1956 Correxit
1502 1913 1586 1954 Va-

88 1985 231 2027 tesius.
290 1984 450 2027 Ibidem
490 1989 579 2027 tres
616 1986 783 2026 codices
821 1981 1053 2029 καίὲσθαι,
1118 1979 1358 2039 Ίέτριγότα
1395 1982 1583 2029 striden-

89 2063 186 2099 tem.
223 2057 405 2098 Mirifice
435 2058 515 2098 hoc
548 2058 727 2111 Raspius
758 2070 799 2110 p.
830 2058 886 2098 62
916 2057 968 2096 ad
1002 2058 1216 2100 barbaram
1248 2056 1433 2099 infelicis
1464 2056 1585 2095 istius

91 2129 294 2183 originem
329 2128 477 2179 traxit,
519 2129 638 2181 quasi
671 2141 780 2182 quae
810 2130 906 2182 igne
938 2130 1239 2171 comburuntur
1281 2141 1363 2169 non
1407 2127 1587 2166 stridere

94 2204 138 2239 et
169 2199 375 2254 crepitare
406 2204 581 2239 constet.
615 2200 729 2239 Libri
761 2195 1102 2255 περιτετριγότα.
1134 2200 1326 2240 Correxit
1358 2199 1584 2237 Pol-sonus.

93 2269 214 2323 Quod
254 2274 394 2310 autem
432 2269 608 2322 Eupolis
650 2269 855 2310 nefarium
893 2271 1019 2310 istum
1063 2271 1194 2314 civem
1235 2270 1275 2308 in
1318 2263 1586 2320 όξυθυμίοις

92 2340 278 2383 comburi
324 2341 462 2390 iubet,
509 2340 764 2386 simillimum
822 2346 886 2382 est
923 2342 972 2382 iis
1012 2354 1118 2394 quae
1162 2340 1272 2393 apud
1311 2339 1586 2386 Theocritum

90 2412 229 2454 XXIV
260 2413 316 2453 90
345 2412 564 2466 leguntur:
594 2410 689 2454 καῖε
720 2409 766 2451 δὲ
798 2406 905 2452 τώδ’
940 2407 1147 2467 ἀγρίῃσιν
1176 2408 1248 2450 ἐπὶ
1279 2407 1450 2467 σχίζῃσι
1479 2404 1586 2471 ‹5902-

90 2487 231 2534 κοντε,
270 2487 312 2523 et
343 2482 453 2536 apud
485 2483 712 2524 Lucianum
744 2483 862 2524 Alex.
895 2483 950 2524 47
981 2498 1021 2536 p.
1053 2482 1140 2523 252
1174 2482 1241 2522 ed.
1273 2483 1411 2525 Reitz.
1454 2477 1586 2536 κομί-

93 2566 175 2602 σας
205 2546 266 2602 εἰς
294 2548 377 2602 τὴν
406 2550 573 2607 α’γοράν
613 2552 756 2607 μέσην
785 2554 981 2608 (Epicuri
1011 2555 1160 2606 libros)
1190 2549 1376 2594 ἔκαυσεν
1404 2551 1478 2593 ἐπὶ
1508 2547 1585 2605 §15-
1642 2557 1653 2565 '

101 2621 189 2664 λων
217 2619 419 2666 συκίνων.
478 2626 595 2676 Quae
626 2625 738 2666 haud
767 2626 910 2679 inepte
943 2638 1187 2679 comparare
1217 2625 1316 2667 licet
1347 2637 1441 2666 cum
1472 2625 1584 2667 dicto

97 2696 250 2745 incerti
287 2700 436 2750 poetae
474 2696 623 2738 comici
661 2696 771 2752 apud
808 2697 984 2738 Dionem
1022 2697 1238 2752 chrysost.
1270 2696 1389 2741 XXX
1429 2709 1470 2751 p.
1502 2697 1584 2738 31:

100 2758 125 2804 ό
154 2762 340 2820 κωμικὸς
368 2765 444 2808 καὶ
480 2765 640 2810 τοῦτον
675 2765 866 2810 ἐκέλευσε
905 2762 1239 2810 κατακαίειν
1273 2763 1365 2810 ἐπὶ
1403 2760 1584 2822 φαλή-
