1786 3210
276 216 333 258 66
904 213 1119 256 CRATIN
1124 213 1141 255 1

278 330 516 374 secludere.
586 327 863 369 proverbium
895 328 1006 369 enim
1036 329 1140 369 illud
1170 328 1284 370 haud
1313 328 1441 369 dubie
1469 328 1528 370 ita
1557 327 1639 369 fuit
1667 341 1767 372 con-

277 405 444 456 ceptum
475 392 720 453 ,,σκορπίον
747 391 1023 452 ἀνεγείρεις.”
1054 401 1249 442 Cratinus
1279 403 1432 450 autem,
1463 403 1512 440 ut
1540 404 1630 442 erat
1657 401 1766 455 figu-

276 477 394 516 ratae
417 471 608 512 dictionis
626 469 944 521 amantissimus,
963 484 1040 524 pro
1058 467 1269 527 σκορπίος
1285 471 1498 513 substituit
1521 465 1764 527 ὀκτώπους,

279 543 507 587 Illustravit
536 542 618 581 hoc
650 540 816 580 dicendi
847 555 980 594 genus
1011 543 1248 584 Lobeckius
1274 543 1481 597 Aglaoph
1499 557 1539 596 p.
1554 543 1644 584 847
1674 556 1764 596 sqq.

276 615 438 658 Cratini
470 612 707 665 exemplum
739 618 942 665 sequutus
973 616 1038 654 est
1066 615 1280 656 Nicander
1310 616 1439 656 Ther.
1455 614 1538 655 605
1569 627 1786 685 cancrum3

275 688 419 729 dicens
451 678 723 732 ὀκταπόδην.

970 805 1045 847 XI.

381 889 634 963 Hesychius,
674 900 739 945 ’A
747 902 807 945 πέ
819 918 852 960 φ
863 918 888 959 ρ
899 918 925 955 η
937 917 966 945 σ
975 920 1005 946 α
1016 917 1063 948 νε
1095 902 1296 963 ἀφῆκαν.
1355 906 1580 963 Κρατῖνος
1614 895 1764 965 Θρᾴσῤ
1785 920 1786 956 3

268 1025 382 1060 σαις.
394 1012 596 1053 Musurus
608 1006 832 1063 Κρατῖνος
847 1006 1028 1064 Θρᾶσυν
1057 1012 1201 1053 codex
1217 1015 1356 1052 autem
1369 978 1760 1066 KQaz-Wmffpffug

267 1084 309 1124 h.
345 1098 382 1124 e.
422 1080 645 1136 Κρατῖνος
690 1075 950 1135 Θρᾴσσαις,
992 1087 1039 1124 ut
1075 1084 1218 1124 monui
1255 1083 1354 1124 olim
1387 1086 1558 1138 Quaest.
1597 1096 1709 1126 scen.
1744 1084 1764 1125 ῐ

266 1169 308 1210 p.
341 1155 398 1196 23
432 1154 519 1196 sive
547 1153 659 1194 Hist.
691 1153 784 1193 crit.
815 1165 856 1207 p.
887 1152 958 1195 55.

986 1281 1082 1322 Xll.

365 1379 631 1433 Hesychius,
663 1377 699 1419 Δ
710 1374 962 1435 ιλογχον
1004 1391 1088 1429 την
1115 1376 1284 1420 Βένδιν
1312 1371 1428 1420 ου’τω
1457 1355 1691 1446 Κρατῖνος
1711 1365 1760 1420 ἐν

266 1444 491 1507 Θράτταις
521 1447 749 1502 ἐκάλεσεν,
788 1447 888 1500 η’τοι
919 1442 990 1491 ὁτι
1022 1445 1126 1491 δύο.
1134 1448 1265 1505 τιμὰς
1291 1446 1591 1509 ἐκληρώσατο,
1619 1447 1758 1508 οὐρα-

261 1519 364 1562 νίαν
403 1534 447 1561 τε
491 1520 568 1561 καὶ
600 1516 822 1600 χθονιαν·
861 1518 1025 1577 λόῃζας
1060 1519 1151 1579 Jeep
1189 1518 1375 1564 ἐκάλουν
1413 1520 1516 1573 τοὺς
1545 1514 1757 1578 κλήρους

261 1591 307 1633 οἱ
339 1589 384 1634 δὲ
418 1585 489 1634 ὅτι
521 1587 601 1633 δύο
634 1590 762 1649 ᾳῶτα
795 1590 892 1648 ἔχει,
924 1592 974 1635 τὸ
1007 1591 1123 1635 ἰὃιον
1153 1594 1229 1636 καὶ
1267 1590 1319 1635 τὸ
1359 1584 1440 1636 τοῦ
1477 1591 1623 1646 ἡλίου
1656 1593 1758 1649 τὴν

260 1660 344 1718 γὰρ
374 1659 563 1715 σελήνην
591 1661 760 1704 Βένδιν
788 1665 866 1706 καὶ
888 1647 1025 1722 ’Λρτ
1011 1678 1110 1721 εμιν
1139 1663 1380 1721 νομίζου.σι
1425 1659 1599 1728 Rectius
1618 1657 1755 1710 scribi

258 1733 420 1784 Βενδῖς
473 1741 515 1777 et
568 1733 734 1776 Βενδῐν
778 1741 1145 1791 grammaticorum
1205 1740 1456 1779 testimoniis
1511 1725 1754 1781 monstravit

262 1808 544 1861 Goettlingius
585 1809 718 1849 doctr.
749 1822 834 1849 acc.
867 1824 908 1863 p.
941 1811 1041 1852 275.
1105 1812 1210 1852 Cum
1249 1811 1454 1865 Hesychii
1491 1812 1630 1865 glossa
1669 1813 1754 1853 Lo-

261 1878 433 1919 beckius
464 1880 671 1933 Aglaoph.
703 1892 745 1933 p.
767 1881 853 1921 500
894 1886 991 1935 apte
1022 1882 1255 1935 composuit
1283 1883 1421 1924 locum
1453 1883 1669 1936 Plutarchi
1699 1884 1753 1926 de

262 1949 384 1990 Orac.
415 1963 451 1990 c.
485 1951 563 1990 13:
599 1948 643 1990 οἱ
678 1952 759 2005 μὲν
787 1947 954 2009 ἄστρον
991 1951 1159 2007 γεῶδες,
1199 1951 1243 1993 οἱ
1273 1951 1319 1994 δὲ
1355 1948 1617 2008 Ὀλυμπίαν
1643 1952 1752 2011 yffi),

259 2018 304 2059 οἱ
333 2016 380 2060 δὲ
408 2017 605 2074 χθονίας
633 2021 710 2062 καὶ
741 2018 956 2078 οὐρανίας
984 2023 1147 2080 κλῆρον
1172 2020 1362 2083 Ἑκάτης
1378 2026 1620 2082 προσεῖπον
1633 2063 1637 2076 „
1648 2024 1752 2080 (τὴν

259 2086 483 2148 σελήνην).
542 2094 658 2136 Idem
690 2095 743 2136 de
773 2097 910 2137 Bendi
941 2093 1043 2138 dixit
1074 2099 1278 2151 quaedam
1308 2099 1516 2153 Aglaoph.
1546 2112 1588 2154 p.
1622 2099 1748 2152 1214,

260 2164 481 2218 Copiosius
518 2167 698 2207 eundem
736 2169 875 2221 locum
916 2170 1110 2210 tractavit
1150 2171 1232 2210 Th.
1262 2171 1471 2224 Bergkius
1512 2171 1748 2228 Commeat.

225 2226 300 2288 =p.
330 2236 386 2275 76
410 2249 497 2289 sqq.
536 2238 654 2278 cuius
693 2239 963 2293 disputationi
1001 2241 1105 2281 nihil
1142 2240 1278 2281 habeo
1321 2241 1433 2294 quod
1473 2238 1637 2299 addam*
1666 2242 1748 2301 nisi

257 2305 340 2346 hoc
369 2319 521 2358 unum,
560 2308 722 2350 Bendin
753 2325 777 2351 a
807 2313 1018 2354 nonnullis
1048 2313 1218 2354 Admeti
1256 2313 1385 2352 filiam
1422 2312 1605 2352 habitam
1637 2301 1749 2355 esse.¹

257 2375 510 2430 Hesychius,
554 2374 787 2433 Ἀδμήτου
817 2378 947 2439 κόρης
987 2377 1171 2435 εΕκάτη.
1212 2385 1326 2431 τινὲς
1370 2380 1418 2423 δὲ
1455 2378 1538 2433 τὴν
1564 2379 1743 2426 Βένδιν.

258 2447 376 2498 Quae
404 2461 486 2501 quo
516 2454 706 2502 spectent
743 2453 857 2495 haud
887 2456 1112 2499 obscurum
1154 2459 1218 2500 est
1247 2456 1404 2499 Dianae
1444 2456 1603 2514 cultum
1629 2455 1744 2510 apud

257 2514 473 2560 Pheraeos
501 2523 804 2574 reputantibus.

942 2654 1060 2695 Xlll.

366 2740 618 2798 Hesychius,
649 2744 694 2786 Σ
702 2761 763 2803 υρ
773 2748 997 2802 βηνευς
1033 2752 1252 2808 Κρατῖνος
1279 2750 1328 2792 ἐν
1361 2747 1611 2808 Θράτταις
1641 2749 1751 2804 ἤϊον

252 2804 447 2864 αὐλητὴς
472 2811 640 2871 (σύρβη
670 2815 754 2874 γὰρ
782 2818 810 2870 ἡ
840 2818 1148 2878 αυλοθηκη)’
1114 2820 1162 2876 ιη’-
1187 2819 1459 2880 ταραχαὶδης.
1502 2823 1593 2908 Ad
1610 2825 1748 2869 'tibio—³
