<?xml version="1.0" encoding="UTF-8"?>
<!DOCTYPE html PUBLIC "-//W3C//DTD XHTML 1.0 Transitional//EN"
    "http://www.w3.org/TR/xhtml1/DTD/xhtml1-transitional.dtd">
<html xmlns="http://www.w3.org/1999/xhtml" xml:lang="en" lang="en">
 <head>
  <title>
</title>
<meta http-equiv="Content-Type" content="text/html;charset=utf-8" />
  <meta name='ocr-system' content='tesseract 3.04.00' />
  <meta name='ocr-capabilities' content='ocr_page ocr_carea ocr_par ocr_line ocrx_word'/>
</head>
<body>
  <div class='ocr_page' id='page_1' title='image "./p1fragmentacomic02meinuoft_0454.png"; bbox 0 0 1786 3210; ppageno 0'>
   <div class='ocr_carea' id='block_1_1' title="bbox 257 155 1153 203">
    <p class='ocr_par' dir='ltr' id='par_1_1' title="bbox 257 155 1153 203">
     <span class='ocr_line' id='line_1_1' title="bbox 257 155 1153 203; baseline 0 -1"><span class='ocrx_word' id='word_1_1' title='bbox 257 155 343 202; x_wconf 72' lang='lat'><strong>442</strong></span> <span class='ocrx_word' id='word_1_2' title='bbox 845 155 1153 203; x_wconf 81' lang='lat' dir='ltr'><strong>EUPOLIDIS</strong></span> 
     </span>
    </p>
   </div>
   <div class='ocr_carea' id='block_1_2' title="bbox 254 268 1740 399">
    <p class='ocr_par' dir='ltr' id='par_1_2' title="bbox 254 268 1740 399">
     <span class='ocr_line' id='line_1_2' title="bbox 254 268 1740 332; baseline 0.008 -20"><span class='ocrx_word' id='word_1_3' title='bbox 254 269 515 316; x_wconf 73' lang='lat' dir='ltr'><strong>Fritzechlus</strong></span> <span class='ocrx_word' id='word_1_4' title='bbox 544 270 596 311; x_wconf 81' lang='lat' dir='ltr'><strong>ad</strong></span> <span class='ocrx_word' id='word_1_5' title='bbox 626 268 888 325; x_wconf 77' lang='lat' dir='ltr'><strong>Thesmoph.</strong></span> <span class='ocrx_word' id='word_1_6' title='bbox 922 285 964 326; x_wconf 88' lang='lat' dir='ltr'><strong>p.</strong></span> <span class='ocrx_word' id='word_1_7' title='bbox 1003 273 1085 313; x_wconf 80' lang='lat'><strong>231</strong></span> <span class='ocrx_word' id='word_1_8' title='bbox 1118 274 1409 328; x_wconf 73' lang='lat' dir='ltr'>Aristophanis</span> <span class='ocrx_word' id='word_1_9' title='bbox 1440 276 1616 332; x_wconf 76' lang='lat' dir='ltr'><strong>Polyido</strong></span> <span class='ocrx_word' id='word_1_10' title='bbox 1651 282 1740 324; x_wconf 88' lang='lat' dir='ltr'><strong>vin-</strong></span> 
     </span>
     <span class='ocr_line' id='line_1_3' title="bbox 254 342 1482 399; baseline 0.005 -16"><span class='ocrx_word' id='word_1_11' title='bbox 254 342 395 384; x_wconf 81' lang='lat' dir='ltr'><strong>dicare</strong></span> <span class='ocrx_word' id='word_1_12' title='bbox 425 346 598 384; x_wconf 77' lang='lat' dir='ltr'><strong>conatus</strong></span> <span class='ocrx_word' id='word_1_13' title='bbox 628 342 695 393; x_wconf 83' lang='lat' dir='ltr'><strong>sit,</strong></span> <span class='ocrx_word' id='word_1_14' title='bbox 724 342 808 384; x_wconf 90' lang='lat' dir='ltr'><strong>hoc</strong></span> <span class='ocrx_word' id='word_1_15' title='bbox 836 344 930 386; x_wconf 90' lang='lat' dir='ltr'><strong>loco</strong></span> <span class='ocrx_word' id='word_1_16' title='bbox 960 348 1156 399; x_wconf 89' lang='lat' dir='ltr'><strong>repetere</strong></span> <span class='ocrx_word' id='word_1_17' title='bbox 1186 347 1289 388; x_wconf 85' lang='lat' dir='ltr'>nihil</span> <span class='ocrx_word' id='word_1_18' title='bbox 1322 347 1482 390; x_wconf 77' lang='lat' dir='ltr'><strong>attinet.</strong></span> 
     </span>
    </p>
   </div>
   <div class='ocr_carea' id='block_1_3' title="bbox 510 541 1527 608">
    <p class='ocr_par' dir='ltr' id='par_1_3' title="bbox 510 541 1527 608">
     <span class='ocr_line' id='line_1_4' title="bbox 510 541 1527 608; baseline 0.009 -20"><span class='ocrx_word' id='word_1_19' title='bbox 510 541 689 589; x_wconf 83' lang='grc' dir='ltr'><em>Οἰκοῦσι</em></span> <span class='ocrx_word' id='word_1_20' title='bbox 721 547 746 588; x_wconf 93' lang='grc' dir='ltr'><em>δ</em></span> <span class='ocrx_word' id='word_1_21' title='bbox 765 546 776 559; x_wconf 80' lang='lat'>²</span> <span class='ocrx_word' id='word_1_22' title='bbox 805 546 977 591; x_wconf 73' lang='grc' dir='ltr'><em>ἐνθάδ’</em></span> <span class='ocrx_word' id='word_1_23' title='bbox 1002 550 1049 592; x_wconf 80' lang='grc' dir='ltr'><strong>ἐν</strong></span> <span class='ocrx_word' id='word_1_24' title='bbox 1077 553 1224 608; x_wconf 86' lang='grc' dir='ltr'><em>τρισὶν</em></span> <span class='ocrx_word' id='word_1_25' title='bbox 1252 550 1482 607; x_wconf 85' lang='grc' dir='ltr'><em>καλιδίοις,</em></span> <span class='ocrx_word' id='word_1_26' title='bbox 1525 547 1527 549; x_wconf 53' lang='grc'><strong>’</strong></span> 
     </span>
    </p>
   </div>
   <div class='ocr_carea' id='block_1_4' title="bbox 503 629 1027 689">
    <p class='ocr_par' dir='ltr' id='par_1_4' title="bbox 503 629 1027 689">
     <span class='ocr_line' id='line_1_5' title="bbox 503 629 1027 689; baseline 0.013 -15"><span class='ocrx_word' id='word_1_27' title='bbox 503 631 635 688; x_wconf 83' lang='grc' dir='ltr'><em>οἴκημ</em></span> <span class='ocrx_word' id='word_1_28' title='bbox 646 629 658 643; x_wconf 78' lang='lat'><strong>³</strong></span> <span class='ocrx_word' id='word_1_29' title='bbox 692 630 801 689; x_wconf 82' lang='grc' dir='ltr'><em>ἔχων</em></span> <span class='ocrx_word' id='word_1_30' title='bbox 831 633 1027 688; x_wconf 82' lang='grc' dir='ltr'><em>ἕκαστος.</em></span> 
     </span>
    </p>
   </div>
   <div class='ocr_carea' id='block_1_5' title="bbox 239 744 1736 1101">
    <p class='ocr_par' dir='ltr' id='par_1_5' title="bbox 239 744 1736 1101">
     <span class='ocr_line' id='line_1_6' title="bbox 360 744 1736 807; baseline 0.007 -19"><span class='ocrx_word' id='word_1_31' title='bbox 360 747 561 790; x_wconf 88' lang='lat' dir='ltr'><strong>PolluxX</strong></span> <span class='ocrx_word' id='word_1_32' title='bbox 591 749 697 790; x_wconf 79' lang='lat'>161:</span> <span class='ocrx_word' id='word_1_33' title='bbox 726 744 814 802; x_wconf 79' lang='grc' dir='ltr'><em>ἤδη</em></span> <span class='ocrx_word' id='word_1_34' title='bbox 840 749 887 792; x_wconf 81' lang='grc' dir='ltr'><em>δὲ</em></span> <span class='ocrx_word' id='word_1_35' title='bbox 916 751 993 792; x_wconf 84' lang='grc' dir='ltr'><strong>καὶ</strong></span> <span class='ocrx_word' id='word_1_36' title='bbox 1022 748 1103 793; x_wconf 89' lang='grc' dir='ltr'><em>τὸν</em></span> <span class='ocrx_word' id='word_1_37' title='bbox 1132 748 1240 807; x_wconf 86' lang='grc' dir='ltr'><em>πρὸς</em></span> <span class='ocrx_word' id='word_1_38' title='bbox 1270 745 1457 802; x_wconf 74' lang='grc' dir='ltr'><em>οἰκήσεις</em></span> <span class='ocrx_word' id='word_1_39' title='bbox 1487 749 1736 806; x_wconf 73' lang='grc' dir='ltr'><em>ἐπιτήδειον</em></span> 
     </span>
     <span class='ocr_line' id='line_1_7' title="bbox 247 810 1735 879; baseline 0.007 -22"><span class='ocrx_word' id='word_1_40' title='bbox 247 810 361 858; x_wconf 75' lang='grc' dir='ltr'><em>οὕτω</em></span> <span class='ocrx_word' id='word_1_41' title='bbox 391 815 602 872; x_wconf 81' lang='grc' dir='ltr'><strong>(καλιὰν)</strong></span> <span class='ocrx_word' id='word_1_42' title='bbox 633 818 859 874; x_wconf 75' lang='grc' dir='ltr'><em>λέγουσιν,</em></span> <span class='ocrx_word' id='word_1_43' title='bbox 889 818 948 872; x_wconf 77' lang='grc' dir='ltr'><strong>οὖς</strong></span> <span class='ocrx_word' id='word_1_44' title='bbox 978 821 1025 863; x_wconf 79' lang='grc' dir='ltr'><strong>ἐν</strong></span> <span class='ocrx_word' id='word_1_45' title='bbox 1050 818 1232 864; x_wconf 79' lang='grc' dir='ltr'><em>Ἐλπίδι</em></span> <span class='ocrx_word' id='word_1_46' title='bbox 1260 819 1534 879; x_wconf 80' lang='grc' dir='ltr'><em>Ἐπιχάρμου</em></span> <span class='ocrx_word' id='word_1_47' title='bbox 1563 824 1735 879; x_wconf 78' lang='grc' dir='ltr'><em>λέγεται</em></span> 
     </span>
     <span class='ocr_line' id='line_1_8' title="bbox 244 887 1734 956; baseline 0.007 -28"><span class='ocrx_word' id='word_1_48' title='bbox 244 887 345 929; x_wconf 85' lang='grc' dir='ltr'><em>τὸν</em></span> <span class='ocrx_word' id='word_1_49' title='bbox 381 890 485 930; x_wconf 84' lang='grc' dir='ltr'><em>τοῦ</em></span> <span class='ocrx_word' id='word_1_50' title='bbox 520 887 774 943; x_wconf 79' lang='grc' dir='ltr'><em>γείτονος</em></span> <span class='ocrx_word' id='word_1_51' title='bbox 809 889 1030 947; x_wconf 83' lang='grc' dir='ltr'><em>καλιόν,</em></span> <span class='ocrx_word' id='word_1_52' title='bbox 1062 893 1110 935; x_wconf 80' lang='grc' dir='ltr'><strong>ἐν</strong></span> <span class='ocrx_word' id='word_1_53' title='bbox 1140 893 1187 935; x_wconf 81' lang='grc' dir='ltr'><em>δὲ</em></span> <span class='ocrx_word' id='word_1_54' title='bbox 1216 889 1464 944; x_wconf 81' lang='grc' dir='ltr'><em>Εὐπόλιδος</em></span> <span class='ocrx_word' id='word_1_55' title='bbox 1492 892 1734 956; x_wconf 79' lang='grc' dir='ltr'><em>Αὐτολύκῳ</em></span> 
     </span>
     <span class='ocr_line' id='line_1_9' title="bbox 247 956 1732 1023; baseline 0.007 -22"><span class='ocrx_word' id='word_1_56' title='bbox 247 956 429 1002; x_wconf 81' lang='grc' dir='ltr'><em>Οἰκοῦσι</em></span> <span class='ocrx_word' id='word_1_57' title='bbox 459 959 511 1002; x_wconf 87' lang='grc' dir='ltr'><em>δ’</em></span> <span class='ocrx_word' id='word_1_58' title='bbox 539 958 706 1004; x_wconf 78' lang='grc' dir='ltr'><em>ἐνθάδ’</em></span> <span class='ocrx_word' id='word_1_59' title='bbox 735 964 826 1009; x_wconf 87' lang='grc' dir='ltr'><em>κτλ,</em></span> <span class='ocrx_word' id='word_1_60' title='bbox 884 968 1085 1008; x_wconf 80' lang='lat' dir='ltr'>Fortasse</span> <span class='ocrx_word' id='word_1_61' title='bbox 1117 968 1169 1008; x_wconf 90' lang='lat' dir='ltr'><strong>de</strong></span> <span class='ocrx_word' id='word_1_62' title='bbox 1201 968 1370 1021; x_wconf 86' lang='lat' dir='ltr'>Lycone</span> <span class='ocrx_word' id='word_1_63' title='bbox 1401 968 1574 1023; x_wconf 82' lang='lat' dir='ltr'><strong>eiusque</strong></span> <span class='ocrx_word' id='word_1_64' title='bbox 1602 982 1732 1013; x_wconf 82' lang='lat' dir='ltr'><strong>uxore</strong></span> 
     </span>
     <span class='ocr_line' id='line_1_10' title="bbox 239 1033 1417 1101; baseline 0.004 -26"><span class='ocrx_word' id='word_1_65' title='bbox 239 1033 409 1101; x_wconf 73' lang='lat' dir='ltr'><strong>Rhodia</strong></span> <span class='ocrx_word' id='word_1_66' title='bbox 438 1038 481 1076; x_wconf 92' lang='lat' dir='ltr'><strong>et</strong></span> <span class='ocrx_word' id='word_1_67' title='bbox 510 1036 597 1078; x_wconf 90' lang='lat' dir='ltr'><strong>filio</strong></span> <span class='ocrx_word' id='word_1_68' title='bbox 627 1037 835 1092; x_wconf 82' lang='lat' dir='ltr'><strong>Autolyco</strong></span> <span class='ocrx_word' id='word_1_69' title='bbox 865 1038 972 1080; x_wconf 89' lang='lat' dir='ltr'><strong>haec</strong></span> <span class='ocrx_word' id='word_1_70' title='bbox 1006 1038 1277 1094; x_wconf 81' lang='lat' dir='ltr'><strong>intelligenda</strong></span> <span class='ocrx_word' id='word_1_71' title='bbox 1308 1042 1417 1080; x_wconf 84' lang='lat' dir='ltr'><strong>sunt.</strong></span> 
     </span>
    </p>
   </div>
   <div class='ocr_carea' id='block_1_6' title="bbox 945 1172 1018 1216">
    <p class='ocr_par' dir='ltr' id='par_1_6' title="bbox 945 1172 1018 1216">
     <span class='ocr_line' id='line_1_11' title="bbox 945 1172 1018 1216; baseline -0.014 0"><span class='ocrx_word' id='word_1_72' title='bbox 945 1172 1018 1216; x_wconf 89' lang='lat' dir='ltr'><strong>VI.</strong></span> 
     </span>
    </p>
   </div>
   <div class='ocr_carea' id='block_1_7' title="bbox 236 1251 1728 1599">
    <p class='ocr_par' dir='ltr' id='par_1_7' title="bbox 236 1251 1728 1599">
     <span class='ocr_line' id='line_1_12' title="bbox 350 1251 1728 1311; baseline 0.002 -16"><span class='ocrx_word' id='word_1_73' title='bbox 350 1254 500 1296; x_wconf 83' lang='lat' dir='ltr'><strong>Pollux</strong></span> <span class='ocrx_word' id='word_1_74' title='bbox 529 1254 568 1296; x_wconf 88' lang='lat' dir='ltr'>X</span> <span class='ocrx_word' id='word_1_75' title='bbox 597 1255 676 1297; x_wconf 87' lang='lat'><strong>41:</strong></span> <span class='ocrx_word' id='word_1_76' title='bbox 716 1251 870 1311; x_wconf 79' lang='grc' dir='ltr'><em>δίφροι</em></span> <span class='ocrx_word' id='word_1_77' title='bbox 904 1253 1120 1299; x_wconf 70' lang='grc' dir='ltr'><em>Θετταλοί</em></span> <span class='ocrx_word' id='word_1_78' title='bbox 1150 1252 1498 1309; x_wconf 79' lang='grc' dir='ltr'><em>(Θετταλικοί),</em></span> <span class='ocrx_word' id='word_1_79' title='bbox 1539 1251 1599 1306; x_wconf 78' lang='grc' dir='ltr'><strong>ὦς</strong></span> <span class='ocrx_word' id='word_1_80' title='bbox 1627 1253 1728 1298; x_wconf 79' lang='grc' dir='ltr'><strong>Λῦ-</strong></span> 
     </span>
     <span class='ocr_line' id='line_1_13' title="bbox 236 1319 1726 1383; baseline 0.007 -20"><span class='ocrx_word' id='word_1_81' title='bbox 236 1319 404 1381; x_wconf 74' lang='grc' dir='ltr'><em>τολύκῳ</em></span> <span class='ocrx_word' id='word_1_82' title='bbox 451 1320 700 1375; x_wconf 80' lang='grc' dir='ltr'><em>Εὐπόλιδος</em></span> <span class='ocrx_word' id='word_1_83' title='bbox 750 1323 964 1383; x_wconf 77' lang='grc' dir='ltr'><em>Δίφρος</em></span> <span class='ocrx_word' id='word_1_84' title='bbox 1015 1325 1347 1377; x_wconf 75' lang='grc' dir='ltr'><em>Θετταλικὸς</em></span> <span class='ocrx_word' id='word_1_85' title='bbox 1397 1322 1726 1382; x_wconf 82' lang='grc' dir='ltr'><em>τετράπους.</em></span> 
     </span>
     <span class='ocr_line' id='line_1_14' title="bbox 239 1394 1726 1455; baseline 0.003 -17"><span class='ocrx_word' id='word_1_86' title='bbox 239 1397 399 1438; x_wconf 84' lang='lat' dir='ltr'><strong>Ibidem</strong></span> <span class='ocrx_word' id='word_1_87' title='bbox 452 1403 835 1440; x_wconf 76' lang='lat' dir='ltr'><strong>commemorantur</strong></span> <span class='ocrx_word' id='word_1_88' title='bbox 881 1399 1031 1455; x_wconf 84' lang='grc' dir='ltr'><em>μικροὶ</em></span> <span class='ocrx_word' id='word_1_89' title='bbox 1075 1395 1296 1455; x_wconf 60' lang='grc' dir='ltr'><em>τρίποδες</em></span> <span class='ocrx_word' id='word_1_90' title='bbox 1331 1394 1603 1441; x_wconf 77' lang='grc' dir='ltr'><em>Θετταλικοί.</em></span> <span class='ocrx_word' id='word_1_91' title='bbox 1677 1401 1726 1443; x_wconf 86' lang='lat' dir='ltr'><strong>In</strong></span> 
     </span>
     <span class='ocr_line' id='line_1_15' title="bbox 236 1467 1725 1527; baseline 0.003 -19"><span class='ocrx_word' id='word_1_92' title='bbox 236 1481 387 1523; x_wconf 83' lang='lat' dir='ltr'><strong>magno</strong></span> <span class='ocrx_word' id='word_1_93' title='bbox 427 1469 590 1511; x_wconf 83' lang='lat' dir='ltr'><strong>honore</strong></span> <span class='ocrx_word' id='word_1_94' title='bbox 629 1470 761 1512; x_wconf 81' lang='lat' dir='ltr'><strong>fuisse</strong></span> <span class='ocrx_word' id='word_1_95' title='bbox 793 1471 1059 1513; x_wconf 81' lang='lat' dir='ltr'><strong>Thessalicos</strong></span> <span class='ocrx_word' id='word_1_96' title='bbox 1090 1467 1276 1527; x_wconf 81' lang='grc' dir='ltr'><em>δίφρους</em></span> <span class='ocrx_word' id='word_1_97' title='bbox 1317 1472 1517 1512; x_wconf 89' lang='lat' dir='ltr'><strong>indicium</strong></span> <span class='ocrx_word' id='word_1_98' title='bbox 1548 1474 1612 1513; x_wconf 81' lang='lat' dir='ltr'><strong>est</strong></span> <span class='ocrx_word' id='word_1_99' title='bbox 1642 1470 1725 1525; x_wconf 82' lang='lat' dir='ltr'><strong>Py-</strong></span> 
     </span>
     <span class='ocr_line' id='line_1_16' title="bbox 236 1538 1720 1599; baseline 0.001 -19"><span class='ocrx_word' id='word_1_100' title='bbox 236 1540 350 1582; x_wconf 89' lang='lat' dir='ltr'><strong>thiae</strong></span> <span class='ocrx_word' id='word_1_101' title='bbox 380 1542 592 1583; x_wconf 89' lang='lat' dir='ltr'><strong>oraculum</strong></span> <span class='ocrx_word' id='word_1_102' title='bbox 627 1539 817 1582; x_wconf 78' lang='grc' dir='ltr'><em>Θετταλὲ</em></span> <span class='ocrx_word' id='word_1_103' title='bbox 847 1538 1170 1599; x_wconf 74' lang='grc' dir='ltr'><em>ποικιλόδιφρε.</em></span> <span class='ocrx_word' id='word_1_104' title='bbox 1240 1544 1293 1586; x_wconf 88' lang='lat' dir='ltr'><strong>V.</strong></span> <span class='ocrx_word' id='word_1_105' title='bbox 1322 1543 1483 1584; x_wconf 87' lang='lat' dir='ltr'><strong>Polluc.</strong></span> <span class='ocrx_word' id='word_1_106' title='bbox 1514 1541 1592 1585; x_wconf 92' lang='lat' dir='ltr'><strong>VIl</strong></span> <span class='ocrx_word' id='word_1_107' title='bbox 1624 1542 1720 1582; x_wconf 78' lang='lat'><strong>112.</strong></span> 
     </span>
    </p>
   </div>
   <div class='ocr_carea' id='block_1_8' title="bbox 380 1684 1550 1824">
    <p class='ocr_par' dir='ltr' id='par_1_8' title="bbox 380 1684 1550 1824">
     <span class='ocr_line' id='line_1_17' title="bbox 923 1684 1031 1729; baseline -0.028 0"><span class='ocrx_word' id='word_1_108' title='bbox 923 1684 1031 1729; x_wconf 86' lang='lat' dir='ltr'><strong>VII.</strong></span> 
     </span>
     <span class='ocr_line' id='line_1_18' title="bbox 380 1760 1550 1824; baseline 0.003 -18"><span class='ocrx_word' id='word_1_109' title='bbox 380 1761 501 1817; x_wconf 87' lang='grc' dir='ltr'><em>Ἤδη</em></span> <span class='ocrx_word' id='word_1_110' title='bbox 530 1763 616 1823; x_wconf 76' lang='grc' dir='ltr'><strong>γὰρ</strong></span> <span class='ocrx_word' id='word_1_111' title='bbox 640 1760 945 1824; x_wconf 80' lang='grc' dir='ltr'><em>Ἀρίσταρχον</em></span> <span class='ocrx_word' id='word_1_112' title='bbox 974 1761 1295 1824; x_wconf 79' lang='grc' dir='ltr'><em>στρατηγοῦντ’</em></span> <span class='ocrx_word' id='word_1_113' title='bbox 1329 1760 1550 1822; x_wconf 73' lang='grc' dir='ltr'><em>ἄχθομαι.</em></span> 
     </span>
    </p>
   </div>
   <div class='ocr_carea' id='block_1_9' title="bbox 225 1877 1719 2295">
    <p class='ocr_par' dir='ltr' id='par_1_9' title="bbox 225 1877 1719 2295">
     <span class='ocr_line' id='line_1_19' title="bbox 346 1877 1717 1937; baseline 0 -16"><span class='ocrx_word' id='word_1_114' title='bbox 346 1881 583 1927; x_wconf 81' lang='lat' dir='ltr'><strong>Scholiasta</strong></span> <span class='ocrx_word' id='word_1_115' title='bbox 607 1883 720 1926; x_wconf 66' lang='lat' dir='ltr'><strong>Vict.</strong></span> <span class='ocrx_word' id='word_1_116' title='bbox 750 1885 878 1927; x_wconf 88' lang='lat' dir='ltr'><strong>Hom.</strong></span> <span class='ocrx_word' id='word_1_117' title='bbox 910 1884 960 1927; x_wconf 87' lang='grc' dir='ltr'><strong>ΙΙ.</strong></span> <span class='ocrx_word' id='word_1_118' title='bbox 990 1878 1027 1925; x_wconf 88' lang='grc' dir='ltr'><strong>ν’</strong></span> <span class='ocrx_word' id='word_1_119' title='bbox 1059 1883 1143 1924; x_wconf 81' lang='grc'><strong>353</strong></span> <span class='ocrx_word' id='word_1_120' title='bbox 1178 1880 1355 1937; x_wconf 84' lang='grc' dir='ltr'><em>Τρωσὶν</em></span> <span class='ocrx_word' id='word_1_121' title='bbox 1384 1877 1717 1936; x_wconf 77' lang='grc' dir='ltr'><em>δαμναμένους;</em></span> 
     </span>
     <span class='ocr_line' id='line_1_20' title="bbox 230 1947 1719 2010; baseline 0.001 -19"><span class='ocrx_word' id='word_1_122' title='bbox 230 1947 370 1992; x_wconf 78' lang='grc' dir='ltr'><em>λείπει</em></span> <span class='ocrx_word' id='word_1_123' title='bbox 407 1949 458 1992; x_wconf 89' lang='grc' dir='ltr'><em>τὸ</em></span> <span class='ocrx_word' id='word_1_124' title='bbox 498 1948 625 2008; x_wconf 79' lang='grc' dir='ltr'><em>ὁρῶν.</em></span> <span class='ocrx_word' id='word_1_125' title='bbox 685 1951 781 1995; x_wconf 82' lang='grc' dir='ltr'><em>ἔστι</em></span> <span class='ocrx_word' id='word_1_126' title='bbox 812 1954 858 1995; x_wconf 80' lang='grc' dir='ltr'><em>δὲ</em></span> <span class='ocrx_word' id='word_1_127' title='bbox 887 1952 937 1995; x_wconf 85' lang='grc' dir='ltr'><em>τὸ</em></span> <span class='ocrx_word' id='word_1_128' title='bbox 969 1954 1046 2006; x_wconf 81' lang='grc' dir='ltr'><em>τῆς</em></span> <span class='ocrx_word' id='word_1_129' title='bbox 1077 1951 1279 2010; x_wconf 77' lang='grc' dir='ltr'><em>φράσεως</em></span> <span class='ocrx_word' id='word_1_130' title='bbox 1316 1948 1514 2008; x_wconf 77' lang='grc' dir='ltr'><em>ἀρχαῖον.</em></span> <span class='ocrx_word' id='word_1_131' title='bbox 1570 1947 1719 1993; x_wconf 77' lang='grc' dir='ltr'><em>Εὔπο-</em></span> 
     </span>
     <span class='ocr_line' id='line_1_21' title="bbox 229 2019 1718 2081; baseline 0.002 -19"><span class='ocrx_word' id='word_1_132' title='bbox 229 2021 295 2071; x_wconf 86' lang='grc' dir='ltr'><strong>λις</strong></span> <span class='ocrx_word' id='word_1_133' title='bbox 325 2021 372 2063; x_wconf 78' lang='grc' dir='ltr'><strong>ἐν</strong></span> <span class='ocrx_word' id='word_1_134' title='bbox 401 2019 674 2073; x_wconf 86' lang='grc' dir='ltr'><em>Αὐτολύκοις</em></span> <span class='ocrx_word' id='word_1_135' title='bbox 697 2021 829 2076; x_wconf 62' lang='lat' dir='ltr'><strong>”Han</strong></span> <span class='ocrx_word' id='word_1_136' title='bbox 860 2023 943 2081; x_wconf 78' lang='grc' dir='ltr'><strong>γὰρ</strong></span> <span class='ocrx_word' id='word_1_137' title='bbox 971 2023 1271 2081; x_wconf 83' lang='grc' dir='ltr'><em>Ἀρίσταρχον</em></span> <span class='ocrx_word' id='word_1_138' title='bbox 1300 2023 1390 2068; x_wconf 82' lang='grc' dir='ltr'><em>κτλ,</em></span> <span class='ocrx_word' id='word_1_139' title='bbox 1456 2024 1635 2067; x_wconf 83' lang='lat' dir='ltr'><strong>Versum</strong></span> <span class='ocrx_word' id='word_1_140' title='bbox 1667 2037 1718 2065; x_wconf 81' lang='lat' dir='ltr'><strong>ex</strong></span> 
     </span>
     <span class='ocr_line' id='line_1_22' title="bbox 229 2096 1715 2152; baseline 0.001 -17"><span class='ocrx_word' id='word_1_141' title='bbox 229 2096 361 2136; x_wconf 82' lang='lat' dir='ltr'><strong>altera</strong></span> <span class='ocrx_word' id='word_1_142' title='bbox 391 2097 587 2138; x_wconf 84' lang='lat' dir='ltr'><strong>dramatis</strong></span> <span class='ocrx_word' id='word_1_143' title='bbox 625 2099 872 2139; x_wconf 85' lang='lat' dir='ltr'><strong>recensione</strong></span> <span class='ocrx_word' id='word_1_144' title='bbox 903 2099 1081 2152; x_wconf 86' lang='lat' dir='ltr'><strong>petitum</strong></span> <span class='ocrx_word' id='word_1_145' title='bbox 1122 2111 1216 2139; x_wconf 84' lang='lat' dir='ltr'><strong>esse</strong></span> <span class='ocrx_word' id='word_1_146' title='bbox 1248 2097 1372 2138; x_wconf 82' lang='lat' dir='ltr'><strong>docui</strong></span> <span class='ocrx_word' id='word_1_147' title='bbox 1402 2098 1572 2149; x_wconf 76' lang='lat' dir='ltr'><strong>Quaest.</strong></span> <span class='ocrx_word' id='word_1_148' title='bbox 1601 2106 1715 2136; x_wconf 80' lang='lat' dir='ltr'><strong>scen.</strong></span> 
     </span>
     <span class='ocr_line' id='line_1_23' title="bbox 229 2167 1715 2223; baseline -0.001 -15"><span class='ocrx_word' id='word_1_149' title='bbox 229 2167 248 2208; x_wconf 92' lang='lat'>1</span> <span class='ocrx_word' id='word_1_150' title='bbox 281 2181 322 2221; x_wconf 89' lang='lat' dir='ltr'><strong>p.</strong></span> <span class='ocrx_word' id='word_1_151' title='bbox 353 2168 408 2208; x_wconf 77' lang='lat'><strong>42</strong></span> <span class='ocrx_word' id='word_1_152' title='bbox 440 2169 573 2218; x_wconf 84' lang='lat' dir='ltr'><strong>(Hist.</strong></span> <span class='ocrx_word' id='word_1_153' title='bbox 600 2171 692 2211; x_wconf 88' lang='lat' dir='ltr'><strong>crit.</strong></span> <span class='ocrx_word' id='word_1_154' title='bbox 721 2184 763 2223; x_wconf 91' lang='lat' dir='ltr'><strong>p.</strong></span> <span class='ocrx_word' id='word_1_155' title='bbox 796 2171 922 2220; x_wconf 89' lang='grc'><strong>118),</strong></span> <span class='ocrx_word' id='word_1_156' title='bbox 963 2171 1035 2210; x_wconf 91' lang='lat' dir='ltr'><strong>ubi</strong></span> <span class='ocrx_word' id='word_1_157' title='bbox 1074 2169 1127 2210; x_wconf 89' lang='lat' dir='ltr'><strong>de</strong></span> <span class='ocrx_word' id='word_1_158' title='bbox 1156 2169 1398 2211; x_wconf 81' lang='lat' dir='ltr'><strong>Aristarcho</strong></span> <span class='ocrx_word' id='word_1_159' title='bbox 1429 2170 1623 2221; x_wconf 85' lang='lat' dir='ltr'><strong>praetore</strong></span> <span class='ocrx_word' id='word_1_160' title='bbox 1653 2170 1715 2208; x_wconf 86' lang='lat' dir='ltr'><strong>at-</strong></span> 
     </span>
     <span class='ocr_line' id='line_1_24' title="bbox 225 2238 1713 2295; baseline 0.001 -17"><span class='ocrx_word' id='word_1_161' title='bbox 225 2239 303 2279; x_wconf 88' lang='lat' dir='ltr'><strong>tuli</strong></span> <span class='ocrx_word' id='word_1_162' title='bbox 333 2239 523 2293; x_wconf 82' lang='lat' dir='ltr'><strong>Thucyd.</strong></span> <span class='ocrx_word' id='word_1_163' title='bbox 552 2241 655 2283; x_wconf 91' lang='lat' dir='ltr'>V111</span> <span class='ocrx_word' id='word_1_164' title='bbox 689 2242 744 2282; x_wconf 86' lang='grc'><strong>98</strong></span> <span class='ocrx_word' id='word_1_165' title='bbox 775 2245 817 2282; x_wconf 89' lang='lat' dir='ltr'><strong>et</strong></span> <span class='ocrx_word' id='word_1_166' title='bbox 844 2241 1040 2295; x_wconf 91' lang='lat' dir='ltr'><strong>Xenoph.</strong></span> <span class='ocrx_word' id='word_1_167' title='bbox 1070 2241 1184 2282; x_wconf 90' lang='lat' dir='ltr'><strong>Hell.</strong></span> <span class='ocrx_word' id='word_1_168' title='bbox 1221 2238 1261 2281; x_wconf 91' lang='lat'><strong>11</strong></span> <span class='ocrx_word' id='word_1_169' title='bbox 1291 2240 1390 2281; x_wconf 66' lang='lat'><strong>346.</strong></span> <span class='ocrx_word' id='word_1_170' title='bbox 1457 2238 1586 2280; x_wconf 82' lang='lat' dir='ltr'><strong>Plura</strong></span> <span class='ocrx_word' id='word_1_171' title='bbox 1615 2238 1713 2280; x_wconf 86' lang='lat' dir='ltr'><strong>vide</strong></span> 
     </span>
    </p>
   </div>
   <div class='ocr_carea' id='block_1_10' title="bbox 224 2311 1171 2366">
    <p class='ocr_par' dir='ltr' id='par_1_10' title="bbox 224 2311 1171 2366">
     <span class='ocr_line' id='line_1_25' title="bbox 224 2311 1171 2366; baseline 0.002 -15"><span class='ocrx_word' id='word_1_172' title='bbox 224 2311 336 2366; x_wconf 87' lang='lat' dir='ltr'><strong>apud</strong></span> <span class='ocrx_word' id='word_1_173' title='bbox 364 2312 447 2354; x_wconf 87' lang='lat' dir='ltr'><strong>Th.</strong></span> <span class='ocrx_word' id='word_1_174' title='bbox 477 2313 704 2366; x_wconf 81' lang='lat' dir='ltr'><strong>Bergkium</strong></span> <span class='ocrx_word' id='word_1_175' title='bbox 735 2314 969 2355; x_wconf 86' lang='lat' dir='ltr'><strong>Comment.</strong></span> <span class='ocrx_word' id='word_1_176' title='bbox 999 2326 1040 2366; x_wconf 89' lang='lat' dir='ltr'><strong>p.</strong></span> <span class='ocrx_word' id='word_1_177' title='bbox 1073 2313 1171 2354; x_wconf 80' lang='lat'><strong>343.</strong></span> 
     </span>
    </p>
   </div>
   <div class='ocr_carea' id='block_1_11' title="bbox 449 2437 1786 2590">
    <p class='ocr_par' dir='ltr' id='par_1_11' title="bbox 449 2437 1786 2590">
     <span class='ocr_line' id='line_1_26' title="bbox 915 2437 1031 2480; baseline -0.017 0"><span class='ocrx_word' id='word_1_178' title='bbox 915 2437 1031 2480; x_wconf 90' lang='lat' dir='ltr'><strong>VIII.</strong></span> 
     </span>
     <span class='ocr_line' id='line_1_27' title="bbox 449 2505 1786 2590; baseline -0.001 -29"><span class='ocrx_word' id='word_1_179' title='bbox 449 2515 596 2577; x_wconf 77' lang='grc' dir='ltr'><em>Ἀτάρ</em></span> <span class='ocrx_word' id='word_1_180' title='bbox 618 2516 777 2575; x_wconf 77' lang='grc' dir='ltr'><em>ἤγαγες</em></span> <span class='ocrx_word' id='word_1_181' title='bbox 805 2518 961 2563; x_wconf 80' lang='grc' dir='ltr'><em>καινόν</em></span> <span class='ocrx_word' id='word_1_182' title='bbox 991 2535 1033 2562; x_wconf 89' lang='grc' dir='ltr'><em>τι</em></span> <span class='ocrx_word' id='word_1_183' title='bbox 1063 2520 1170 2577; x_wconf 82' lang='grc' dir='ltr'><em>φῖτυ</em></span> <span class='ocrx_word' id='word_1_184' title='bbox 1200 2517 1288 2559; x_wconf 75' lang='grc' dir='ltr'><em>τῶν</em></span> <span class='ocrx_word' id='word_1_185' title='bbox 1319 2515 1453 2572; x_wconf 73' lang='grc' dir='ltr'><em>βοῶν.</em></span> <span class='ocrx_word' id='word_1_186' title='bbox 1784 2505 1786 2590; x_wconf 43' lang='grc'><strong>1</strong></span> 
     </span>
    </p>
   </div>
   <div class='ocr_carea' id='block_1_12' title="bbox 223 2629 1704 2835">
    <p class='ocr_par' dir='ltr' id='par_1_12' title="bbox 223 2629 1704 2835">
     <span class='ocr_line' id='line_1_28' title="bbox 339 2629 1704 2692; baseline -0.003 -18"><span class='ocrx_word' id='word_1_187' title='bbox 339 2634 516 2677; x_wconf 81' lang='lat' dir='ltr'><strong>Photius</strong></span> <span class='ocrx_word' id='word_1_188' title='bbox 544 2637 645 2679; x_wconf 85' lang='lat' dir='ltr'><strong>Lex.</strong></span> <span class='ocrx_word' id='word_1_189' title='bbox 675 2650 716 2692; x_wconf 86' lang='lat' dir='ltr'><strong>p.</strong></span> <span class='ocrx_word' id='word_1_190' title='bbox 748 2636 832 2678; x_wconf 84' lang='lat'><strong>650</strong></span> <span class='ocrx_word' id='word_1_191' title='bbox 864 2637 939 2677; x_wconf 73' lang='lat'><strong>122</strong></span> <span class='ocrx_word' id='word_1_192' title='bbox 978 2634 1149 2686; x_wconf 80' lang='grc' dir='ltr'><em>λέγεται</em></span> <span class='ocrx_word' id='word_1_193' title='bbox 1190 2631 1236 2672; x_wconf 74' lang='grc' dir='ltr'><em>δὲ</em></span> <span class='ocrx_word' id='word_1_194' title='bbox 1280 2629 1329 2672; x_wconf 89' lang='grc' dir='ltr'><em>τὸ</em></span> <span class='ocrx_word' id='word_1_195' title='bbox 1357 2630 1554 2685; x_wconf 77' lang='grc' dir='ltr'><em>γέννημα</em></span> <span class='ocrx_word' id='word_1_196' title='bbox 1585 2629 1704 2685; x_wconf 77' lang='grc' dir='ltr'><em>φῖτυ.</em></span> 
     </span>
     <span class='ocr_line' id='line_1_29' title="bbox 223 2698 1703 2766; baseline -0.001 -21"><span class='ocrx_word' id='word_1_197' title='bbox 223 2698 418 2755; x_wconf 76' lang='grc' dir='ltr'><em>Εὔπολις</em></span> <span class='ocrx_word' id='word_1_198' title='bbox 454 2705 695 2766; x_wconf 78' lang='grc' dir='ltr'><em>Αὐτολύκῳ</em></span> <span class='ocrx_word' id='word_1_199' title='bbox 731 2703 872 2762; x_wconf 72' lang='grc' dir='ltr'><em>Ἀτάρ</em></span> <span class='ocrx_word' id='word_1_200' title='bbox 911 2701 1070 2759; x_wconf 72' lang='grc' dir='ltr'><em>ἤγαγες</em></span> <span class='ocrx_word' id='word_1_201' title='bbox 1106 2699 1260 2745; x_wconf 82' lang='grc' dir='ltr'><em>καινὸν</em></span> <span class='ocrx_word' id='word_1_202' title='bbox 1301 2701 1409 2759; x_wconf 76' lang='grc' dir='ltr'><em>φῖτυ</em></span> <span class='ocrx_word' id='word_1_203' title='bbox 1443 2699 1531 2742; x_wconf 74' lang='grc' dir='ltr'><em>τῶν</em></span> <span class='ocrx_word' id='word_1_204' title='bbox 1571 2698 1703 2754; x_wconf 74' lang='grc' dir='ltr'><em>βοῶν.</em></span> 
     </span>
     <span class='ocr_line' id='line_1_30' title="bbox 224 2773 1702 2835; baseline -0.003 -16"><span class='ocrx_word' id='word_1_205' title='bbox 224 2776 383 2820; x_wconf 79' lang='lat' dir='ltr'><strong>Eadem</strong></span> <span class='ocrx_word' id='word_1_206' title='bbox 423 2781 573 2824; x_wconf 87' lang='lat' dir='ltr'><strong>eodem</strong></span> <span class='ocrx_word' id='word_1_207' title='bbox 611 2782 735 2825; x_wconf 82' lang='lat' dir='ltr'><strong>modo</strong></span> <span class='ocrx_word' id='word_1_208' title='bbox 775 2779 928 2835; x_wconf 77' lang='lat' dir='ltr'><strong>scripta</strong></span> <span class='ocrx_word' id='word_1_209' title='bbox 966 2779 1094 2820; x_wconf 84' lang='lat' dir='ltr'><strong>habet</strong></span> <span class='ocrx_word' id='word_1_210' title='bbox 1130 2776 1352 2819; x_wconf 79' lang='lat' dir='ltr'><strong>scholiasta</strong></span> <span class='ocrx_word' id='word_1_211' title='bbox 1393 2774 1500 2817; x_wconf 84' lang='lat' dir='ltr'><strong>Plat.</strong></span> <span class='ocrx_word' id='word_1_212' title='bbox 1530 2787 1572 2828; x_wconf 86' lang='lat' dir='ltr'><strong>p.</strong></span> <span class='ocrx_word' id='word_1_213' title='bbox 1605 2773 1702 2821; x_wconf 68' lang='lat'><strong>445.</strong></span> 
     </span>
    </p>
   </div>
  </div>
 </body>
</html>
