1786 3210
699 178 759 221 M
760 176 824 221 01
828 175 954 221 PAI.
1486 177 1574 219 895

564 447 1099 491 ΜΟἸΡΑΙ.

203 601 387 644 Fabulae
427 599 550 640 huius
586 600 802 640 consilium
835 598 1009 639 maxime
1047 596 1087 637 in
1129 596 1240 637 beno
1271 600 1414 638 contra
1445 598 1574 639 Laee-

91 673 332 714 daemonios
371 671 699 712 commendando
729 670 910 724 positum
949 669 1082 708 fuis‘se
1112 668 1224 708 haud
1255 669 1432 710 obscure
1468 670 1576 711 indi-

89 751 184 786 cant
223 745 372 797 fragm.
406 743 423 783 1
462 747 506 782 et
534 743 589 783 11.
657 745 748 796 Qua
789 742 841 782 de
881 755 928 781 re
968 740 1164 780 admonui
1201 742 1370 793 quaest.
1412 753 1525 782 scen.
1557 740 1576 781 1

90 830 132 870 p.
151 817 207 856 30
237 816 326 856 εἶτα
357 815 467 855 Hist.
501 814 591 855 crit.
622 828 664 868 p.
695 815 765 855 91.
797 813 866 854 95.
927 812 1115 852 Eandem
1147 814 1392 852 sententiam
1423 825 1577 866 sequu-

90 893 158 928 tus
190 891 254 927 est
283 886 365 927 Th.
396 886 600 939 Bergkius
631 886 865 927 Comment.
899 897 939 937 p.
971 884 1069 924 318.
1101 883 1198 924 320.
1270 884 1331 924 De
1361 885 1482 926 titulo
1512 884 1577 926 fa-

90 959 212 999 bulae
242 959 345 999 nihil
377 958 480 998 certi
513 956 655 997 afferri
686 960 848 1010 potest:
878 955 990 1008 quod
1021 955 1130 995 enim
1160 955 1365 1008 Bergkius
1395 956 1577 1010 suspica*

88 1032 182 1076 tur,
225 1023 406 1082 Μοίρας
435 1029 488 1068 de
518 1028 646 1068 moris
676 1026 1106 1068 Lacedaemoniorum
1145 1026 1438 1082 intelligendas
1469 1041 1576 1079 esse,

88 1099 155 1141 vix
183 1103 285 1154 puto
316 1099 405 1141 aliis
435 1099 718 1153 persuadebit.

817 1224 848 1264 Ι.

342 1310 544 1356 Βασιλεῦ
573 1309 802 1368 Σατύρων,
834 1309 878 1354 τί
908 1308 1013 1354 ποτ’
1042 1309 1121 1353 οὐκ
1149 1310 1320 1363 ἐθέλεις

346 1394 455 1456 δόρυ
484 1394 733 1454 βαστάζειν,
763 1396 875 1440 ἄλλα
905 1395 1062 1453 λόγους
1089 1400 1174 1453 μὲν.

347 1485 445 1542 περὶ
474 1483 555 1527 τοῦ
583 1484 779 1540 πολέμου
808 1484 981 1535 δεινοὺς
1011 1485 1202 1543 παρέχει,

346 1568 497 1627 ψυχὴν
525 1569 573 1613 δὲ
610 1571 799 1623 Τέλητος
830 1568 1044 1623 ὑπέστης;

347 1653 642 1714 κάγχειριδίου
673 1655 725 1698 δ’
755 1655 891 1716 ἀκόνῃ
922 1655 1093 1715 σκληρᾷ

351 1742 737 1799 παραθηγομένης
767 1740 938 1800 βρύχεις
967 1741 1164 1796 κοπίδος,

351 1827 538 1884 δηχθεὶς
568 1827 738 1871 αἴθωνι
771 1828 958 1873 Κλέωνι.

209 1943 459 1986 Plutarchus
496 1945 648 1986 Pericl.
687 1945 767 1985 83:
812 1940 958 1985 καίτοι
999 1941 1157 1985 πολλοὶ
1198 1943 1280 1997 μὲν
1318 1938 1459 1986 αὐτοῦ
1493 1942 1584 1988 τῶν

93 2011 239 2069 φίλων
275 2012 478 2069 δεόμενοι
518 2015 823 2070 προσέκειντο,
862 2014 1019 2057 πολλοὶ
1058 2015 1104 2056 δὲ
1136 2013 1223 2056 τῶν
1252 2012 1430 2072 ἐχθρῶν
1458 2014 1583 2059 ἀπει-

92 2084 269 2136 λοῦντες
307 2086 382 2128 καὶ
420 2086 791 2143 κατηγοροῦντες,
837 2086 996 2129 πολλοὶ
1041 2085 1068 2127 δ
1080 2083 1091 2097 ⁸
1124 2076 1235 2146 ᾖδον
1273 2083 1459 2144 ᾄσματα
1504 2089 1582 2130 καὶ

94 2155 342 2213 σκώμματα
379 2155 488 2214 πρὸς
518 2154 734 2214 αἰσχύνην
764 2157 1069 2215 ἐφυβρίζοντες
1110 2155 1250 2200 αὐτοῦ
1279 2157 1362 2210 τὴν
1391 2173 1582 2215 στρατη-

96 2224 201 2282 γίαν
227 2224 286 2278 ὠς
315 2225 539 2284 ἄνανδρον
569 2230 644 2271 καὶ
675 2231 939 2287 προϊεμένην
975 2228 1032 2270 τὰ
1061 2227 1302 2285 πράγματα
1332 2231 1422 2280 τοῖς
1453 2230 1583 2272 πολε-

93 2295 237 2353 μίοις·
277 2294 493 2355 ἐπεφύετο
533 2297 581 2340 δὲ
616 2301 692 2341 καὶ
733 2301 887 2343 Κλέων
925 2297 1012 2352 ἤδη
1052 2298 1128 2341 διὰ
1165 2299 1243 2351 τῆς
1283 2300 1390 2356 πρὸς
1419 2301 1583 2344 ἐκεῖνον

95 2367 228 2428 ὀργῆς
263 2369 351 2411 τῶν
380 2369 572 2413 πολιτῶν
609 2368 902 2427 πορευόμενος
940 2372 1011 2412 ἐπὶ
1054 2370 1136 2422 τὴν
1174 2370 1486 2425 δημαγωγίαν,
1523 2370 1583 2425 ὥς

95 2439 382 2485 τάνάπαιστα
414 2441 556 2483 ταῦτα
587 2442 821 2493 δηλοποιεῖ
843 2441 900 2484 τὰ
925 2439 1197 2497 Ἑρμίππου.
1259 2443 1457 2486 Romam]
1486 2445 1580 2488 Σα·

94 2509 238 2571 τύρων
267 2513 358 2556 κτλ.
418 2515 567 2556 Latine
597 2516 752 2557 redidit
781 2517 950 2558 Grotius
982 2517 1200 2569 Exuet-ptis
1231 2529 1271 2569 p.
1302 2516 1409 2557 524:

387 2587 482 2637 Cur,
513 2600 588 2627 rex
619 2586 834 2642 Satyrum,
863 2601 947 2628 mm
978 2587 1081 2628 libet
1111 2588 1281 2628 hastam

377 2663 548 2714 gestare
578 2658 682 2709 tibi,
713 2660 791 2700 aed
817 2661 1090 2714 magnfflwm

381 2730 434 2771 de
463 2729 605 2771 Marte
634 2733 744 2771 satis
773 2737 849 2771 tua
880 2731 1007 2771 verba
1038 2735 1226 2785 crepant,

382 2806 429 2842 at
460 2814 531 2842 cor
560 2802 643 2842 tibi
673 2802 796 2856 quale
831 2802 1003 2852 ’λὀἰοείσ,

655 2942 681 2964 0
