1786 3210
248 184 331 225 aas
630 152 640 161 ³
781 177 1189 221 Prisnsan'rls

248 297 333 345 829
375 299 418 336 et
446 307 549 348 quos
581 293 785 334 Kusterus
825 292 962 333 attulit
992 291 1259 332 Eustathium
1301 289 1352 330 ad
1385 288 1503 329 iliad.
1533 282 1574 327 α’
1605 302 1647 343 p.
1677 288 1734 330 84

248 373 291 408 et
321 367 595 419 Augustinum
631 364 684 404 de
714 364 790 403 civ.
822 363 890 403 dei
921 363 992 403 iib.
1025 363 1081 401 18
1112 375 1202 415 cap.
1234 364 1276 402 9.
1327 361 1621 401 Pherecrates
1659 373 1734 401 au-

249 443 334 478 tem
379 436 568 477 consulto
607 435 684 474 hac
722 433 994 475 formausus
1036 445 1128 471 esse
1167 432 1352 481 videtum
1394 436 1583 484 apertum
1622 432 1734 472 enim

249 513 312 549 est
356 508 460 547 haec
511 506 620 544 dicta
673 517 766 544 esse
818 504 869 542 ad
921 503 1197 542 imitationem
1245 502 1485 543 notissimae
1527 501 1734 542 formulae

244 573 498 626 Ἀθηναῖοι
529 569 659 613 αὐτοί
690 586 733 612 τε
766 573 841 613 καὶ
873 571 916 612 οἱ
948 566 1182 625 ξύμμαχοι,
1216 575 1333 614 cuius
1363 573 1565 626 frequens
1597 579 1660 615 est
1689 575 1732 615 in

248 649 492 689 foederibus
524 645 634 697 apud
665 644 958 697 Thucydidem
989 645 1202 685 memoria.
1265 645 1492 685 Admonuit
1523 659 1572 686 ea
1603 646 1655 685 de
1684 658 1733 686 re

247 721 369 760 etiam
409 716 689 765 Fritzschius,
733 716 768 755 si
810 720 926 755 recte
966 716 1149 756 memini.
1218 716 1311 756 Non
1341 719 1458 755 recte
1488 716 1616 770 igitur
1647 717 1731 759 Th.

244 790 448 842 Bergkius
488 788 723 828 Comment.
760 800 801 839 p.
833 786 918 826 295
961 787 1064 827 iliud
1104 781 1368 836 ’Λθηναῖαι
1410 789 1453 830 ἰη
1496 788 1547 827 iis
1591 788 1730 840 posuit

245 860 468 913 exemplis,
508 859 656 910 quibus
686 857 965 898 Pherecrates
996 859 1046 898 ab
1078 859 1202 898 attica
1233 859 1398 899 dicendi
1429 861 1733 901 consuetudine

244 931 480 972 recesserit.
543 929 747 971 Videntur
777 934 916 969 autem
947 930 1018 969 illa
1038 930 1303 970 Pherecratis
1333 931 1460 972 verba
1490 935 1532 971 et
1561 932 1651 985 ipsa
1682 944 1733 972 ex

244 1003 421 1044 foedere
451 1001 589 1052 aliquo
621 1000 751 1052 petita
783 1012 898 1050 csse,
929 1000 1040 1052 quod
1071 1001 1235 1041 vetulae
1266 1001 1363 1042 iliae
1394 1003 1614 1053 mulieres,
1643 1003 1731 1044 for-

243 1079 354 1115 tasse
381 1076 428 1113 ut
457 1083 598 1112 rerum
618 1070 872 1123 quarundam
903 1071 1205 1111 immunitatem
1237 1078 1606 1125 consequerentur,
1638 1088 1732 1116 cum

226 1136 344 1186 ‘viris
385 1144 647 1196 pepigerant.
719 1142 920 1195 Suspicor
959 1143 1068 1182 enim
1101 1147 1266 1195 poetam
1297 1156 1387 1183 rem
1414 1144 1472 1184 ita
1501 1145 1732 1187 instituisse

237 1217 290 1256 ‘ut
327 1215 488 1255 vetulas
528 1213 621 1252 illas
661 1212 795 1265 posita
835 1218 1005 1253 senecta
1045 1219 1390 1267 repuerascentes
1423 1219 1465 1255 et
1494 1216 1733 1258 iuveniliter

244 1286 507 1327 lascivientes
546 1284 588 1323 in
627 1296 794 1323 scenam
824 1284 1101 1336 produceret,
1139 1285 1182 1324 id
1213 1286 1322 1337 quod
1353 1285 1537 1327 indicare
1566 1287 1732 1330 videtur

243 1369 388 1398 versus
431 1355 585 1395 omisso
615 1353 783 1394 fabulae
814 1355 935 1395 titulo
967 1370 989 1396 a
1021 1355 1148 1396 Suida
1179 1361 1364 1396 servatus
1396 1358 1478 1399 vol.
1508 1358 1529 1398 1
1558 1372 1599 1412 p.
1634 1357 1730 1402 165.

239 1423 509 1468 ’Λναθυᾶνι
551 1421 602 1464 τὸ
641 1419 978 1479 ἀναλαμβάνειν
1009 1422 1059 1465 τό
1091 1424 1274 1481 πρᾶγμα
1305 1424 1379 1467 διὰ
1405 1423 1578 1482 χρόνον.
1644 1428 1732 1472 Ψε-

242 1511 464 1556 ρεκρατης.

471 1565 622 1608 Πάλιν
653 1556 793 1615 αὖθις
821 1562 1107 1608 ἀναθὺουσιν
1137 1564 1187 1605 αἱ
1215 1564 1475 1623 γεραίτεραι.

246 1645 381 1694 Quem
421 1654 471 1681 ex
507 1640 587 1680 hac
624 1639 714 1692 ipsa
749 1639 891 1679 fabula
921 1640 1097 1692 petitum
1133 1652 1225 1679 esse
1255 1653 1337 1680 non
1369 1641 1639 1684 dubitandum
1670 1643 1730 1684 vi-

247 1714 384 1753 detur.
442 1710 635 1775 Eundem
681 1723 848 1750 versum
897 1711 1075 1751 servavit
1119 1711 1304 1751 Zonaras
1350 1725 1382 1753 s.
1416 1727 1453 1752 v.
1501 1707 1730 1756 ἄναθνᾶν.

244 1784 334 1826 Cfr.
364 1783 540 1835 Diogen.
574 1782 696 1821 ProV.
715 1782 773 1823 IV
805 1782 873 1823 10.
904 1778 1039 1835 γραΐς
1070 1777 1285 1837 ἀναθυᾷε
1316 1777 1418 1822 ἀντὶ
1447 1782 1526 1824 τοῦ
1553 1784 1728 1843 καπρᾷ·

244 1853 318 1895 ἐπὶ
350 1852 435 1893 τῶν
465 1848 575 1906 παρ’
607 1847 782 1901 ἠλικίαν
814 1850 1194 1905 γυναικιζομένων.
1255 1854 1520 1907 Phrynichus
1549 1858 1729 1899 Bekkeri

243 1941 287 1981 p.
317 1927 373 1966 33
402 1926 472 1966 20.
522 1921 666 1978 Γραῦς
701 1917 916 1978 ἄναθυᾷε
956 1921 1029 1962 ἐπὶ
1059 1921 1147 1962 τῶν
1175 1920 1422 1974 ἀνανιάζειν
1449 1926 1525 1967 καὶ
1555 1909 1731 1981 ἄνηβᾶν

243 1995 534 2052 πειρωμένων.
594 1995 708 2036 Huic
755 1999 975 2048 cognatum
1021 1996 1289 2048 proverbium
1333 2002 1397 2037 est
1446 1996 1582 2053 γραῦς
1620 1998 1730 2053 βακ-

239 2063 380 2123 χεύει,
418 2065 491 2107 ἐπὶ
530 2064 618 2105 τῶν
655 2061 758 2119 παρ’
805 2058 927 2119 ὥραν
965 2079 1008 2105 τι
1049 2062 1454 2120 διαπραττομένων.
1514 2070 1610 2118 ταῖς
1646 2068 1731 2128 γὰρ

242 2139 362 2188 νέαις
410 2137 563 2193 πρέπει
597 2132 793 2191 χορεύειν
829 2137 1029 2176 Proverb.
1067 2137 1187 2177 Bodl.
1228 2139 1325 2179 269.
1398 2141 1560 2181 Eodem
1605 2155 1730 2186 sensu

245 2214 462 2253 dicebatur
491 2208 626 2262 γραῦς
655 2204 902 2263 ἁνασκυζᾷ,
934 2208 986 2247 de
1017 2221 1099 2260 quo
1130 2208 1276 2249 confer
1307 2210 1591 2263 Phrynichum
1621 2214 1731 2255 Bek-

244 2285 333 2325 keri
363 2297 405 2336 p.
438 2283 492 2322 12
523 2282 591 2322 17.
662 2281 806 2333 ltaque
845 2279 1101 2320 simillimum
1138 2279 1262 2320 huius
1302 2281 1470 2322 fabulae
1509 2297 1730 2338 argumen-

245 2361 331 2396 tum
363 2354 494 2396 fuisse
525 2353 688 2392 videtur
719 2352 779 2400 ei,
819 2350 930 2403 quod
971 2352 1014 2390 in
1046 2345 1188 2404 Ιῆραι
1218 2353 1537 2406 Aristophanem
1578 2362 1732 2397 tracta-

246 2426 356 2466 visse
387 2423 625 2464 acutissime
657 2422 954 2462 demonstravit
984 2423 1252 2462 Suevernius.
1320 2424 1386 2463 Ad
1415 2437 1578 2466 amores
1607 2428 1731 2468 unius

249 2510 298 2537 ex
328 2493 722 2547 repuerascentihus
761 2492 844 2531 iuis
885 2492 1036 2531 vetulis
1077 2496 1237 2544 spectat
1267 2493 1446 2534 fortasse
1475 2496 1642 2548 Eragm.
1675 2497 1731 2539 11.

247 2567 330 2606 Pro
366 2560 652 2603 ἀναθύουσιν
681 2562 862 2602 fortasse
892 2563 1116 2615 legendnm
1155 2558 1436 2604 ἀναθυῶσιν.
1505 2566 1589 2606 Sed
1626 2567 1732 2609 iilud

248 2637 401 2689 legisse
442 2636 606 2675 videtur
644 2635 768 2674 etiam
801 2634 1104 2674 Grammaticus
1143 2635 1253 2686 apud
1285 2636 1483 2677 vossium
1513 2638 1565 2678 ad
1595 2639 1734 2692 Hesy-

247 2706 388 2747 chium
419 2706 436 2745 1
467 2719 507 2758 p.
524 2705 608 2745 323
640 2705 708 2745 10.
741 2699 1013 2744 Ἀναῦύεινι
1047 2700 1097 2743 τὸ
1130 2701 1455 2759 διαλαμβάνων
1485 2708 1589 2763 (leg.
1619 2704 1736 2749 ἀνα..

246 2771 512 2830 λαμβάνειν)
544 2771 621 2815 διὰ
644 2770 819 2830 χρόνον.
884 2769 1172 2830 Φερεκράτης.
