1786 3210
243 153 332 199 474
839 157 1144 201 EUPOLlDlS

243 264 498 326 ,,σωτηρίας
535 250 920 327 τετραστατήρου”
962 269 1047 312 εἴτε
1075 269 1220 329 ῥοπὴν
1258 271 1342 314 εἴτε
1371 269 1575 329 ἀριθμὸν
1603 271 1729 328 λέγει.

241 336 437 390 Εὔπολις
467 338 513 380 δὲ
543 339 589 381 ἐν
619 338 783 395 Δήμοις
815 342 864 383 τὸ
895 338 1094 398 νόμισμα
1126 343 1257 396 δηλοῖ
1283 344 1421 399 λέγων
1439 341 1587 399 Ἕχων
1616 358 1728 387 στα-

242 409 379 467 τῆρας
407 411 498 453 κτλ.

904 529 1100 572 ΧΧΧΙΙΙ.

351 613 584 656 Scholiasta
615 613 830 667 Aristoph.
862 615 1043 658 Acharn.
1075 617 1142 658 61.
1176 617 1228 658 de
1258 617 1493 658 nominibus
1521 611 1728 669 βασιλεὺς

239 689 283 726 ct
320 681 535 739 τύραννος
571 684 803 727 disserens:
853 685 1051 741 χρῶνται
1099 685 1146 728 δὲ
1185 683 1444 743 ἀδιαφόρως
1483 683 1594 751 ἔνιοι
1632 684 1726 734 τοῖς

233 750 469 810 ὀνόμασιν.
508 751 692 811 Ἱέρωνα
721 758 802 811 μὲν
831 756 1020 812 βασιλέα
1050 756 1281 815 Πίνδαρος
1310 758 1438 800 καλεῖ
1469 755 1548 799 τὸν
1576 756 1726 812 Συρα-

233 824 426 870 κουσίων
465 825 706 884 τύραννον,
741 826 937 880 Εὔπολις
969 829 1015 872 δὲ
1045 829 1091 872 ἐν
1121 827 1287 886 Δήμοις
1316 826 1481 885 εἰσάγει
1516 825 1722 870 Πεισί-
1785 849 1786 870 2

233 912 477 955 στρατον
508 899 763 953 βασιλέα.
823 905 1067 944 Ammonius
1097 918 1138 957 p.
1158 905 1262 946 138:
1293 898 1402 945 ἔσθ’
1437 895 1509 944 ὅτε
1538 901 1614 942 καὶ
1643 898 1724 942 τὸν

230 966 451 1026 τύραννον
480 972 727 1025 βασιλέα
757 969 920 1026 ἔλεγον,
950 970 1009 1023 ώς
1038 971 1232 1025 Εὔπολις
1262 975 1309 1016 ἐν
1340 971 1507 1030 Δήμοις
1536 972 1609 1015 ἐπὶ
1640 970 1720 1014 τοῦ

227 1038 571 1099 Πεισιστράτου.
649 1046 798 1088 Suidas
829 1047 848 1087 I
879 1060 920 1100 p.
952 1046 1061 1088 414:
1099 1046 1174 1087 καὶ
1214 1044 1407 1106 Εὔπολις
1443 1042 1718 1101 Πεισίστρα-

229 1127 309 1154 τον
338 1115 582 1168 βασιλέα
610 1115 746 1159 καλεῖ.

873 1243 1073 1286 XXXIV.

430 1322 485 1366 Τι’
512 1326 739 1383 κέκραγας,
767 1321 915 1384 ὥσπερ
945 1323 1172 1382 Βουζύγης
1203 1322 1514 1381 ἀδικούμενος;

337 1440 571 1483 Scholiasta
607 1443 822 1497 Aristoph.
863 1444 961 1498 Lys.
992 1445 1099 1485 398:
1135 1437 1450 1498 Δημόστρατος
1488 1436 1713 1494 Βουζύγης

143 1509 148 1512 ’
221 1507 404 1564 ἐλέγετο.
460 1507 513 1553 ὂν
546 1510 803 1567 Χολοζύγην
833 1503 952 1555 εἶπεν
983 1515 1328 1568 (Aristophanes)
1360 1510 1436 1554 διὰ
1467 1509 1516 1553 τὸ
1544 1511 1708 1568 μελαγ-

216 1581 371 1638 χολᾶν,
429 1580 625 1633 Εὔπολις
656 1583 703 1625 δὲ
734 1583 780 1625 ἐν
810 1581 945 1644 Δήμῳ
973 1587 1077 1639 (sic)
1106 1581 1164 1634 ὠς
1191 1580 1396 1640 μανιώδη
1427 1581 1566 1626 αὐτὸν
1594 1583 1709 1637 λέγει

221 1655 342 1708 (fort.
374 1649 560 1710 εἰσάγει)
605 1653 659 1697 Τι’
688 1656 901 1712 κέκραγας
931 1656 1021 1700 κτλ.
1094 1659 1406 1708 Demostratus,
1436 1670 1486 1698 ex
1515 1658 1707 1712 Buzyga-

219 1741 314 1769 rum
344 1735 470 1782 gente
500 1730 722 1779 oriundus,
763 1731 878 1771 cuius
919 1743 1089 1784 magnas
1126 1730 1261 1770 fuisse
1303 1732 1465 1770 constat
1493 1734 1634 1783 partes
1663 1724 1706 1771 in

221 1801 550 1842 commendanda
580 1802 847 1855 expeditione
877 1803 1037 1852 Sicula,
1069 1803 1193 1842 homo
1223 1801 1355 1842 fuisse
1385 1801 1551 1841 videtur
1581 1801 1706 1842 irasci

218 1871 354 1914 facilis
398 1877 439 1913 et
476 1873 528 1913 ad
569 1865 756 1926 quamvis
804 1874 939 1914 levem
990 1874 1265 1915 offensionem
1313 1873 1630 1914 excandescens.
1662 1873 1704 1924 *)

218 1943 354 1985 Recte
383 1945 511 1999 igitur
539 1946 803 1986 Hermannus
826 1946 981 1998 Opusc.
1007 1946 1042 1988 V
1074 1959 1115 1998 p.
1135 1945 1220 1986 290
1258 1943 1458 1984 credibile
1484 1957 1577 1985 esse
1604 1945 1703 1986 dicit

215 2017 397 2069 aliquem
428 2018 468 2057 in
487 2017 706 2070 Eupolidis
736 2017 877 2059 fabula
907 2019 1051 2058 insane
1081 2017 1327 2065 clamitasse,
1357 2019 1404 2055 ut
1433 2015 1504 2057 illa
1532 2016 1574 2057 in
1605 2029 1701 2059 eum

215 2088 343 2128 verba
381 2088 462 2128 dici
500 2089 727 2140 potuerint.
796 2089 1004 2129 Meierum
1046 2092 1235 2128 nostrum
1266 2085 1421 2126 Gentil.
1453 2089 1525 2127 att.
1556 2099 1597 2140 p.
1628 2088 1698 2129 36.

217 2160 318 2212 quid
364 2160 565 2209 moverit,
610 2164 657 2199 ut
693 2155 980 2213 ἀδικούμενος
1019 2172 1113 2200 cum
1161 2154 1204 2197 τί
1245 2155 1456 2210 κέκραγας
1502 2158 1699 2214 coniungi

214 2232 395 2282 iuberet,
427 2245 510 2273 non
544 2231 749 2286 intelligo.
809 2234 1008 2273 Ceterum
1039 2229 1186 2271 confer
1215 2229 1268 2270 ad
1297 2230 1467 2283 Fragm.
1490 2229 1584 2271 V11.

870 2355 1042 2398 XXXV.

327 2439 562 2482 Scholiasta
588 2441 804 2494 Aristoph.
837 2443 1035 2483 Av.823:
1065 2438 1236 2493 λέγεται
1264 2430 1335 2479 ὅτι
1362 2432 1696 2493 μεγαλὲμπορός

211 2524 277 2560 τις
306 2505 511 2567 ἐβούλετο
541 2500 676 2562 εἶναι,
718 2510 930 2567 περαΐτης
959 2506 1148 2561 ἀλαζών,
1190 2504 1534 2564 ψευδόπλουτος.
1586 2507 1690 2547 ε’κα-

211 2581 326 2622 λεῖτο
358 2581 405 2622 δὲ
436 2580 690 2635 Καπνὸς,
731 2577 800 2624 ὅτι
838 2579 981 2623 πολλὰ
1010 2576 1358 2636 ὑπισχνούμενος
1387 2574 1517 2619 οὐδὲν
1543 2576 1688 2620 ἐτέλει.

303 2729 332 2771 ’)
358 2729 460 2763 Hunc
487 2729 745 2765 Demostratum
769 2729 1030 2775 Aristophontis
1055 2729 1280 2770 Azeniensis‚
1315 2726 1534 2762 celeberrimi
1566 2731 1691 2762 orato-

208 2790 278 2834 ris,
299 2792 433 2835 patrem
458 2789 566 2823 fuisse
590 2791 789 2835 suspicatur
812 2790 1040 2826 Rulmkenius
1065 2789 1156 2824 Hist.
1181 2790 1258 2838 crit.
1285 2793 1373 2824 orat.
1402 2801 1432 2835 p.
1459 2789 1583 2823 XLVl.

1784 737 1786 767 ι

1784 769 1786 811 Ι
