1786 3210
222 182 308 224 346
763 181 1171 226 PnERssGRATIS
1740 0 1774 209 ἲ

221 290 507 350 βράττειν,
538 287 734 338 αἰνεῖν.
785 292 1052 344 Παυσανίας
1083 295 1128 336 δὲ
1158 294 1205 336 ἐν
1237 293 1426 353 ugrum-¹
1458 292 1595 337 αὐτὸν
1623 298 1706 353 ῥη-
1765 287 1770 306 ⁵

220 362 379 422 τορικῷ
416 362 565 422 λεξικῴ
602 362 654 406 οὐ
685 362 760 406 διὰ
790 363 1051 420 δι([θόγγου
1080 362 1265 422 γράφων
1293 361 1459 418 αἰνεῖν,
1489 363 1604 408 ἀλλὰ
1630 363 1706 409 διά

220 432 369 491 μόνον
399 434 479 476 τοῦ
514 434 543 475 ἆ
581 434 785 492 διχρόνου
821 434 986 492 φησίν·
1044 431 1192 478 Ἀνεῑν
1230 437 1283 479 ἐν
1320 434 1492 479 ἐκτάσει
1529 434 1614 492 ἔχει
1651 435 1704 480 τὸ
1764 434 1771 447 ”

222 506 264 550 ἆ.
324 506 458 558 δηλοῖ
486 505 534 548 δὲ
573 505 624 547 τὸ
667 504 884 560 πτίσσειν,
921 504 980 556 ὠς
1018 504 1350 564 Ἀριστοφάνης
1388 507 1436 549 ἐν
1465 502 1632 565 Εἰρήνῃ
1661 511 1704 562 ⁴¹)

223 577 364 636 δηλοῖ.
430 578 506 619 καὶ
553 574 828 634 Φερεκράτης
874 576 924 618 δ’
956 576 1021 619 ἔτι
1063 576 1199 635 φησί·
1246 578 1362 620 Νῦν
1406 577 1466 619 δ’
1495 578 1704 633 ἐπιχεῖ.
1758 603 1764 612 =

218 650 368 692 σθαι
405 647 502 698 τὰς
538 647 742 705 κριθὰς
781 649 882 701 δεῖ,
929 647 1217 703 πτίσσειν,
1263 647 1522 706 φρύγειν,
1565 646 1703 691 ἀποπ-

219 716 505 778 βράττειν,
545 717 726 772 άνεῖν,
773 718 966 773 &aggae
1007 723 1133 774 (sic),
1175 717 1373 776 μάξαι,
1419 719 1480 763 τό
1521 719 1703 762 τελευ-

217 792 386 833 ταῖον
415 791 788 847 παραθεῖναι.
836 788 966 846 Λεγει
997 790 1043 832 δὲ
1072 792 1149 832 καὶ
1178 785 1248 833 ὅτι
1276 790 1478 848 διαφέρει
1506 788 1556 833 τὸ
1574 789 1703 833 πτίσ-

218 875 314 905 σειν
343 861 422 904 τοῦ
452 857 689 905 αἰνεῖν.τὸ
718 864 800 916 μὲν
827 861 912 918 γάρ
942 861 1153 905 πτίσσειν
1174 859 1357 916 γίνεται,
1385 857 1462 905 ι’να
1492 860 1544 905 τὸ
1573 875 1702 904 πτισ-

216 931 408 989 σόμενον
450 931 665 974 ἀπολίποι
695 931 748 974 τὸ
788 933 1029 992 πιτυρῶδες
1066 930 1254 989 ἄχυρον,
1292 932 1343 975 τὸ
1385 932 1431 975 δὲ
1469 930 1591 975 άνεῖν
1627 932 1702 975 επὶ

213 1003 376 1063 ξηρῶν,
420 998 569 1062 ὥσπερ
602 1001 802 1062 καρύων,
849 1001 926 1047 ἵνα
966 1004 1015 1047 τὸ
1054 1003 1270 1062 ἀχυρώδες
1310 1002 1457 1047 αὐτῶν
1497 1006 1702 1061 περικαὲν

218 1073 506 1133 ἀφαιρεθείη.
542 1104 598 1111 —
634 1075 681 1117 ἐν
710 1073 861 1126 ἄλλοις
892 1076 938 1118 δὲ
970 1078 1150 1134 φέρεται
1180 1078 1256 1118 καὶ
1285 1076 1450 1118 ταῦτα·
1480 1073 1620 1117 αἰνεῖν
1648 1072 1699 1117 τό

214 1143 511 1204 ἄναβράττειν
541 1137 839 1203 ἀληλεσμένον
870 1149 1007 1191 σῖτον.
1055 1149 1131 1190 καὶ
1169 1144 1400 1199 ππισσάνη
1445 1142 1698 1201 (πτισάνη)

211 1217 336 1276 παρὰ
384 1216 435 1260 τὸ
478 1215 682 1260 πτίσσειν
724 1219 800 1260 καὶ
844 1213 997 1261 αἰνεῖν.
1063 1219 1111 1260 οἱ
1151 1218 1197 1260 δὲ
1236 1217 1286 1261 τὸ
1328 1216 1560 1260 ἅναποιεῖν
1599 1218 1698 1267 ταῖς

209 1290 336 1347 χερσὶ
365 1288 444 1331 τὸν
474 1291 598 1331 σῖτον
627 1282 760 1331 ὕδατι
790 1285 1025 1347 ῥάναντας.
1073 1292 1338 1333 Pherecratis
1369 1292 1487 1332 locus
1515 1289 1697 1345 fortasse

213 1377 264 1405 ex
309 1357 708 1418 Δουλοδιδασκάλῳ
751 1363 908 1416 petitus
952 1368 1050 1404 est:
1103 1364 1176 1405 Vs.
1209 1364 1231 1404 1
1285 1362 1444 1404 servavi
1492 1357 1695 1401 πτίσσειν

209 1439 383 1490 propter
412 1434 669 1475 Lobeckium
701 1434 835 1474 Paral.
868 1447 1041 1488 gramm.
1072 1448 1114 1487 p.
1145 1434 1215 1475 31.
1274 1461 1331 1467 —
1377 1434 1450 1476 Vs·
1481 1435 1508 1474 2
1553 1429 1702 1472 αινειν

211 1507 359 1560 scripsi
390 1519 440 1546 ex
470 1506 713 1546 Herodiano
745 1505 798 1545 de
828 1505 925 1546 dict.
957 1505 1034 1546 sol.
1066 1519 1107 1558 p.
1137 1505 1193 1545 24
1224 1506 1303 1545 18.
1332 1497 1444 1543 αι’νω
1473 1501 1524 1543 τὸ
1555 1500 1692 1543 δασυ-

211 1572 399 1630 νόμενον
428 1574 505 1616 καὶ
536 1570 842 1630 βαρυνόμενον
882 1573 933 1616 τὸ
976 1566 1098 1630 παρα
1134 1575 1226 1623 τοῖς
1255 1569 1509 1622 Ἀττικοῖς.
1558 1572 1693 1630 Φερε-

208 1643 387 1704 κράτης,
429 1641 636 1688 αἳενειν
674 1642 892 1689 πτίσσειν.
959 1648 1022 1688 De
1059 1660 1140 1701 quo
1181 1648 1274 1687 loco
1319 1647 1420 1687 dixit
1451 1646 1692 1687 Dindorfiue

191 1720 263 1761 nd
295 1719 490 1760 Photium
521 1717 698 1759 Porsoni
727 1732 768 1772 p.
799 1718 884 1760 595
916 1719 1029 1773 Lips.
1099 1719 1200 1762 Mox
1240 1715 1385 1772 πέψαι
1415 1717 1577 1759 addidit
1605 1717 1689 1759 Th.

210 1791 416 1845 Bergkius
445 1791 679 1832 Comment.
709 1803 751 1843 p.
781 1791 879 1831 306.

886 1892 1007 1941 XIX.

322 1977 625 2019 Grammaticus
654 1978 910 2019 Bachmanni
941 1977 1097 2020 Anecd.
1129 1976 1148 2017 Ι
1177 1989 1219 2030 p.
1246 1976 1344 2017 418.
1377 1970 1687 2025 Χολλάδαςε

207 2043 285 2086 διὰ
311 2045 399 2086 ταῖν
428 2044 508 2087 δύο
537 2047 603 2099 λλ,
642 2046 721 2097 τὰς
749 2048 797 2088 ἐν
824 2047 921 2096 ταῖς
950 2043 1110 2100 λαγόσι
1139 2043 1318 2101 σάρκας.
1376 2039 1514 2095 οὕτως
1548 2045 1687 2102 Φερε-

206 2113 381 2173 κράτης.
441 2120 629 2161 Eandem
660 2119 836 2162 formam
867 2120 1030 2160 restitui
1061 2119 1293 2160 Menandro
1323 2134 1364 2172 p.
1397 2119 1466 2160 11.

903 2232 995 2273 XX.

1048 2311 1103 2355 Τί
1133 2311 1180 2354 δ’
1210 2311 1403 2366 ἔπαθες,-

527 2397 546 2411 )Ι
776 2397 797 2409 ῚΙ
903 2398 913 2411 )
976 2398 983 2410 ἱ
1055 2398 1062 2409 ἱ
1172 2397 1180 2408 Ι
1396 2395 1404 2407 Ι

428 2400 484 2444 Β.
515 2415 710 2457 αγρυκτα
738 2400 894 2442 καλεκτ
915 2432 927 2454 ,
957 2400 1068 2441 αλλα
1099 2399 1320 2454 βουλομαι
1347 2411 1463 2456 μονῃ

430 2483 541 2544 αὐτῇ
571 2482 743 2541 φράσαι
773 2499 858 2528 σοι.

319 2580 622 2620 Grammaticus
654 2580 832 2620 Bekkeri
862 2579 1020 2620 Anecd.
1052 2591 1093 2630 p.
1109 2577 1193 2617 339
1226 2577 1324 2616 ult.:
1347 2569 1576 2629 ”Αγρυκτα
1605 2573 1679 2613 καὶ

295 2725 326 2768 ’)
351 2725 593 2770 Neglexerunt
623 2725 710 2759 haec
739 2724 796 2770 qui
826 2724 869 2758 «le
904 2723 1038 2768 duplice
1064 2722 1164 2757 Pacis
1197 2721 1348 2755 editione
1380 2732 1548 2766 quaerere
1577 2721 1679 2756 insti-

203 2789 354 2822 tuerunt.
