1786 3210
281 185 339 227 ⁶8
911 178 1149 223 CRATINI
1164 177 1174 188 “

283 296 563 341 conformatio
594 297 645 338 ab
675 296 869 350 antiquae
899 296 1142 350 tragoediae
1172 294 1375 348 dignitate
1406 295 1449 334 et
1463 293 1773 347 magnificentia

284 370 421 412 aliena
452 373 578 420 esset,
609 369 652 409 id
676 370 803 422 igitur
833 368 1042 421 aliquanto
1073 367 1168 421 plus
1202 369 1266 407 est
1296 377 1418 418 quam
1445 366 1558 418 quod
1588 379 1638 408 ex
1668 379 1772 421 pau·

284 441 345 483 cis
384 445 427 482 et
465 441 624 494 exiguis
661 440 786 480 huius
824 438 993 480 fabulae
1028 438 1276 493 fragmentis
1317 436 1490 479 efficiaS.
1549 438 1773 493 Aenigma-

285 516 376 555 tum
405 513 557 555 indicia
587 511 744 553 habent
774 513 942 565 Fragm.
976 510 1051 552 111.
1087 510 1160 553 VI.
1191 510 1285 554 Vll.

1017 671 1049 712 I.

509 783 566 790 -—
595 784 652 791 ——
675 752 928 812 Ἀκέστορα
946 751 1041 811 ,γὰρ
1070 746 1190 810 ὅμως
1220 747 1333 802 εἰκὸς
1362 751 1518 808 λαβεῖν

513 838 697 896 πληγάς,
726 839 804 883 ἐὰν
832 839 895 898 μὴ
926 841 1154 900 συστρέφῃ
1183 836 1240 881 τά
1270 834 1531 896 πράγματα.

398 984 655 1027 Scholiastes
699 985 910 1039 Aristoph.
954 988 1030 1028 Av.
1071 987 1151 1027 31:
1205 974 1334 1033 οὗτός
1378 981 1500 1026 ἐστιν
1545 978 1774 1040 Ἀκέστωρ

282 1052 534 1113 τραγῳδίας
563 1052 764 1107 ποιητής.
811 1055 1006 1098 ἐκαλεῖτο
1038 1055 1085 1097 δὲ
1114 1051 1266 1105 Σάκας
1298 1053 1378 1097 διὰ
1406 1053 1457 1098 τὸ
1489 1054 1614 1108 ξένος
1642 1046 1771 1099 εἶναι.

282 1123 432 1168 Σάκαι
476 1124 560 1184 γὰρ
602 1125 769 1185 Θρᾷκες
806 1123 941 1170 εἰσίν·
988 1124 1254 1185 Θεόπομπος
1293 1127 1339 1169 δὲ
1378 1127 1455 1170 καὶ
1498 1125 1576 1169 τὸν
1603 1126 1775 1183 πατέρα

283 1195 424 1240 αὐτοῦ
459 1194 615 1240 Σάκαν
653 1196 1010 1257 προσηγόρευσεν
1051 1198 1298 1258 Τισαμενῷ.
1367 1195 1392 1241 ὁ
1432 1195 1486 1240 δ’
1518 1194 1654 1248 αὐτὸς
1698 1198 1775 1240 καὶ

283 1267 451 1313 Μυσὸν
495 1265 710 1314 ἐκάλεσεν.
755 1267 816 1321 εἰς
865 1270 911 1313 δὲ
955 1269 1039 1324 τὴν
1080 1270 1266 1323 ποίησιν
1306 1267 1446 1313 αὐτὸν
1473 1262 1774 1326 κεχλευάκασι,

283 1338 495 1391 Καλλίας
522 1343 604 1396 μὲν
633 1339 681 1382 ἐν
709 1337 939 1393 Πεδήταις
980 1371 1037 1377 --
1077 1342 1303 1399 Κρατῖνος
1342 1341 1390 1383 δὲ
1418 1341 1466 1384 ἐν
1495 1338 1776 1397 Κλεοβουλί-

282 1425 405 1463 ναις·
433 1408 684 1470 Ἀκέστορα
715 1410 801 1471 γάρ
830 1412 921 1457 κτλ,
986 1415 1049 1456 Ita
1079 1416 1191 1457 enim
1221 1419 1340 1457 recte
1371 1417 1586 1471 corrigunt
1615 1414 1786 1482 editumff

281 1480 597 1538 Κλεοβούλοις.
685 1485 867 1529 Versum
916 1487 1098 1540 primum
1153 1486 1236 1529 Th.
1280 1488 1486 1541 Bergkius
1539 1486 1786 1531 Commenta*

281 1571 325 1612 p.
356 1558 441 1599 123
470 1558 529 1599 ita
558 1557 780 1612 supplebat
805 1550 1052 1614 Ἀκέστορ’
1086 1555 1182 1598 ἐστὶ
1221 1553 1321 1612 τᾶρ’
1356 1550 1476 1612 ὅμως
1505 1562 1586 1601 etc.
1625 1560 1774 1602 melius

282 1629 493 1680 Bentleio,
523 1634 619 1684 post
649 1621 768 1685 ὅμως
795 1630 1009 1671 inserente
1038 1625 1208 1672 Σάκαν.
1273 1631 1484 1684 Equidem
1515 1616 1643 1673 satius
1674 1631 1774 1673 duxi

282 1701 474 1741 lacunam
503 1701 547 1742 in
577 1713 724 1743 versus
754 1701 873 1742 initio
903 1702 1103 1753 indicare,
1134 1715 1383 1756 quamquam
1413 1703 1521 1744 ictus
1552 1704 1595 1744 in
1626 1703 1776 1746 ultima

283 1773 443 1826 syllaba
487 1772 667 1814 nominis
707 1766 959 1827 Ἀκέστορα
1003 1775 1195 1815 nonnihil
1240 1774 1485 1816 offensionis
1529 1774 1672 1817 habet.
1717 1799 1776 1808 —-

265 1834 357 1887 Ὗς.
387 1845 414 1885 2
443 1844 663 1898 legebatur
692 1842 935 1901 συστρέψῃ,
967 1846 1080 1900 quod
1110 1845 1274 1887 correxi
1305 1847 1476 1899 Quaest.
1508 1859 1566 1888 sc.
1599 1847 1618 1888 1
1647 1847 1772 1901 p.54.

284 1914 404 1956 Idem
434 1915 627 1956 Bentleio
658 1916 866 1969 placuisse
905 1931 956 1958 ex
993 1921 1142 1971 postea
1181 1917 1306 1958 editis
1342 1917 1433 1959 eius
1463 1917 1517 1958 ad
1547 1918 1776 1962 Kusterum

284 1986 474 2040 epistolis
512 1988 724 2041 cognitum
765 1992 842 2030 est.
916 1989 1028 2043 Quid
1069 1990 1123 2031 sit
1152 1985 1209 2028 τὰ
1239 1983 1482 2044 πράγματα
1511 1987 1774 2045 συστρέφειν

285 2057 329 2098 in
358 2061 484 2111 poeta
512 2060 670 2113 tragico
699 2060 842 2102 nescio
874 2074 925 2102 an
957 2075 981 2102 e
1011 2063 1199 2116 cognatis
1229 2061 1511 2103 locutionibus
1541 2057 1773 2118 συστροφὴ

284 2125 366 2168 τοῦ
393 2123 551 2183 λόγου,
590 2129 855 2188 συστρέφειν
883 2128 966 2183 τὴν
994 2130 1111 2184 λέξιν
1151 2137 1194 2174 et
1222 2133 1427 2175 similibus
1458 2132 1600 2187 colligi
1627 2133 1773 2187 possit,

286 2212 394 2255 quae
424 2202 477 2243 de
506 2202 708 2245 concinna
737 2204 936 2246 orationis
965 2204 1171 2246 brevitate
1202 2204 1284 2245 dici
1322 2203 1499 2246 constat.
1566 2203 1662 2246 vid.
1692 2196 1772 2245 Er-

286 2273 395 2313 nesti
422 2273 523 2315 Lex.
552 2275 713 2317 rhetor.
743 2289 786 2330 p.
817 2275 916 2317 335.
977 2276 1124 2330 Itaque
1154 2273 1418 2331 συστρέᾳειυ
1445 2271 1502 2315 τά
1531 2269 1771 2331 πράγματα

288 2343 525 2396 significare
564 2346 732 2387 videtur
769 2348 977 2389 actionem
1018 2352 1062 2389 et
1101 2352 1394 2402 argumentum
1431 2346 1599 2388 fabulae
1627 2349 1770 2390 rotu'n-

290 2413 391 2455 dare
421 2419 464 2456 et
493 2416 577 2458 suis
615 2419 769 2460 finibus
812 2420 1184 2470 circumscribere,
1223 2433 1277 2460 ne
1304 2423 1486 2460 ,temere
1526 2417 1690 2459 diffluat
1728 2423 1770 2461 et

291 2489 406 2527 extra
443 2488 645 2529 terminos
693 2476 882 2546 ⁴vagetur.
961 2492 1043 2532 Th.
1087 2491 1269 2543 Bergkio
1308 2491 1503 2532 Cratinus
1540 2493 1770 2533 tortuosam

294 2558 338 2596 et
366 2557 583 2599 obscuram
612 2562 782 2613 poesin,
812 2575 894 2616 qua
925 2566 968 2604 et
998 2563 1068 2603 alii
1098 2561 1244 2615 tragici
1276 2564 1319 2602 et
1348 2563 1526 2603 Acestor
1553 2565 1654 2602 tunc
1682 2575 1768 2605 ma-

291 2626 402 2667 xime
431 2627 627 2672 delectati
657 2631 754 2686 sint,
783 2633 1103 2689 reprehendere
1129 2633 1364 2675 videbatur.
1423 2632 1768 2687 Vid.Comment.

289 2708 333 2750 p.
363 2696 447 2739 119
476 2712 541 2754 sq.
