1786 3210
220 171 306 212 33⁰
782 167 1186 210 PHEREGRATIS
1752 0 1786 217 l

303 276 346 322 εἰ
388 279 435 322 δέ
486 294 552 329 τις
606 274 754 321 αὐτῶν
806 275 1169 332 βωμολοχεύσαιτ
1190 274 1200 288 '
1256 274 1286 330 ἢ
1337 276 1554 335 κάμψειέν
1604 276 1705 323 τίνα
1774 269 1786 337 {³

1008 344 1209 402 καμπήν,
1775 339 1786 343 ”

303 416 402 472 οἵας
433 421 476 464 οἱ
507 418 585 461 νῦν
616 415 692 467 τὰς
728 415 843 459 κατὰ
878 417 1050 474 Φρῦνιν
1090 415 1256 469 ταύτας
1295 417 1372 469 τὰς
1402 419 1705 478 δυσκολοκάμ-

1012 504 1161 539 πτους.

219 566 256 606 Α
294 561 505 614 frequenti
543 559 847 600 mollicularum
886 560 1057 603 istarum
1096 554 1432 604 modulationum
1472 569 1517 606 et
1559 566 1705 608 flexio-

218 647 317 675 num
356 644 433 672 usu
473 631 654 685 Phrynis
694 624 1003 684 ἰωνοκάμπτας
1042 633 1177 674 dictus
1216 638 1284 674 est
1330 638 1439 675 teste
1477 635 1704 678 Plutarcho

219 705 272 745 dc
302 703 427 743 laude
456 703 520 743 sui
551 715 591 755 p.
609 702 693 742 957
726 703 776 743 A.
815 726 871 732 -—
915 702 1054 745 Vs.19
1082 700 1384 759 κατορώρυχεν
1412 718 1519 746 nove
1549 707 1705 749 dictum

218 778 282 815 est
313 773 523 827 fodiendo
555 773 775 826 perdidit,
814 775 1017 827 corrupit.
1089 768 1321 830 Ὀρύττειν
1358 788 1483 817 sensu
1522 776 1703 818 obsceno

216 845 345 886 habet
367 843 580 896 Aristoph.
614 844 710 884 Pac.
742 844 827 884 898
859 849 901 885 et
930 846 1007 886 Av.
1038 845 1136 886 442.
1185 870 1241 876 —-
1293 846 1368 888 Vs.
1397 846 1452 887 21
1496 849 1594 887 ante
1627 845 1705 886 Τι-

215 911 387 969 μόθεος
418 915 634 955 addendus
663 915 878 966 articulus,
910 915 963 956 de
995 929 1079 969 quo
1110 916 1307 958 admonui
1338 917 1440 957 olim
1469 917 1704 974 Comment-

216 987 334 1027 misc.
365 986 383 1026 1
412 999 454 1039 p.
479 985 546 1025 13.
607 986 796 1027 Aliorum
827 991 999 1028 conatus
1030 988 1182 1028 taxavit
1212 988 1456 1029 Hannovius
1485 986 1713 1041 1.1.p.52.·

217 1058 281 1099 De
310 1057 453 1114 servili
482 1057 650 1115 nomine
679 1052 883 1111 Πυρρίας
912 1058 1183 1099 Heinrichius
1213 1058 1353 1098 attulit
1375 1057 1620 1098 Hemsterh.
1650 1057 1704 1099 ad

217 1127 390 1168 Luciani
427 1127 537 1168 Tim.
579 1127 601 1180 ᾗ
640 1129 710 1167 22.
779 1128 827 1169 In
865 1129 963 1173 fine„
991 1141 1136 1169 versus
1180 1119 1275 1182 post
1313 1123 1517 1183 Πυρρίας
1556 1127 1702 1169 distin-

215 1198 426 1252 guendum
467 1211 559 1239 csse
598 1199 759 1239 monuit
802 1199 1039 1249 Iacobsius,
1085 1200 1155 1252 qui
1186 1213 1247 1240 vs.
1276 1200 1334 1239 23
1374 1200 1560 1240 tentabat
1587 1211 1704 1254 nap-

218 1265 442 1318 ἐλήλυθεν
471 1263 591 1320 ἄγων
621 1262 1189 1323 ἀτραπιτοὺςκμυρμηκιᾶς,
1219 1274 1459 1323 comparato
1488 1269 1703 1324 Aristoph.

163 1342 177 1355 ‘
217 1327 478 1393 Thesmoph.
518 1340 615 1390 1⁰0,
659 1340 732 1380 ubi
778 1339 832 1380 de
875 1340 1097 1394 Agathone
1142 1341 1403 1381 cantillante:
1456 1334 1704 1396 Μύρμηκος

216 1406 444 1468 ἀτραποὺς
482 1404 510 1460 ἢ
551 1406 594 1449 τί
631 1407 959 1465 ὃιαμινύρεταις
997 1412 1213 1452 Hanovius
1252 1406 1540 1466 παρελήλυθ’
1578 1405 1699 1464 ἄγων

217 1476 279 1531 εἷς
315 1479 603 1535 ἐκτραπέλους
643 1477 922 1536 μυρμηκίας,
969 1484 1109 1523 curvis
1155 1488 1199 1523 et
1234 1484 1403 1534 inflexis
1442 1496 1509 1535 me
1544 1482 1701 1523 ducens

218 1553 479 1596 tramitibus.
545 1552 631 1594 Sed
660 1565 798 1606 neque
826 1547 1071 1606 μυρμήκιαι
1102 1565 1196 1593 esse
1227 1556 1400 1606 possunt
1429 1552 1702 1595 formicarum

216 1626 426 1674 tramites,
466 1627 508 1664 et
537 1624 700 1664 numeri
738 1636 841 1676 quos
879 1623 1017 1664 intulit
1053 1624 1096 1664 in
1127 1623 1390 1665 Pherecratis
1422 1636 1587 1665 versum
1613 1637 1701 1678 tpa-

218 1710 311 1738 rum
342 1696 392 1737 ab
424 1695 631 1748 elegantia
661 1695 1018 1735 commendantur.
1060 1695 1155 1748 lpse
1184 1695 1284 1735 oliin
1307 1695 1567 1736 conieceram
1585 1706 1700 1749 παρ-

218 1761 598 1818 ἐλήλυθ’ἐπάγων
628 1763 914 1820 ἐκτραπέλους
943 1758 1192 1820 μυρμηκιάς
1211 1765 1492 1817 formicarum
1522 1766 1699 1820 agmina
1769 1763 1774 1780 ¹

219 1840 325 1880 mihi
353 1839 601 1878 immittens.
634 1839 675 1888 *)
733 1837 790 1878 Et
819 1842 935 1877 recte
964 1837 1142 1878 fortasse
1169 1830 1444 1892 μυρμηκιάς,
1474 1836 1549 1876 sed
1578 1830 1699 1889 ἄγων

220 1913 449 1965 praeeunte
479 1908 715 1949 Fritzschio·
746 1909 989 1949 mutandum
1019 1908 1061 1949 in
1093 1903 1239 1963 ᾄδων,
1278 1920 1359 1960 quo
1390 1912 1560 1961 recepto
1589 1919 1700 1963 μυρ-

218 1975 379 2036 μηκιάς
418 1980 471 2019 de
510 1980 622 2019 vario
662 1984 703 2020 et
742 1984 930 2020 tortuoso
961 1976 1234 2019 tremulorum
1266 1992 1463 2020 sonorum
1492 1979 1603 2020 flexu
1632 1979 1698 2020 in-

219 2052 441 2106 terpretari
479 2050 597 2099 licet,
634 2050 879 2103 metaphora
911 2063 935 2090 a
962 2049 1172 2102 perplexis
1200 2049 1514 2090 formicularum
1544 2049 1694 2090 meati-

218 2125 295 2167 bus
326 2123 462 2171 ducta,
493 2133 663 2173 prorsus
694 2125 740 2162 ut
768 2121 812 2161 in
838 2121 910 2161 illo
941 2120 1227 2173 Aristophanis
1256 2119 1369 2170 loco,

474 2187 700 2246 μύρμηκος
726 2179 951 2245 ἀτραποὺς
980 2184 1008 2240 ἢ
1039 2187 1083 2229 τί
1109 2188 1445 2244 ὃιαμινύρεταις

219 2267 292 2309 ubi
321 2263 534 2305 verissime
565 2263 807 2312 scholiasta,
845 2257 902 2310 ὠς
931 2258 1069 2302 λεπτὰ
1098 2260 1173 2302 καὶ
1204 2257 1370 2314 ἀγκύλα
1400 2249 1699 2317 ἀυακρουομέ-

152 2356 156 2361 ¹
218 2349 299 2377 νου
327 2333 437 2388 μέλη
467 2331 546 2373 τοῦ
575 2329 863 2385 Ἀγάθωνος·
905 2329 1306 2387 τοιαῦται,γὰρ
1343 2331 1400 2375 ,αἱ
1430 2330 1699 2388 τῶνμυρ-

216 2405 398 2464 μήκων
437 2401 573 2444 ὁδοί.
644 2406 802 2459 Quibus
841 2406 995 2446 frustra
1035 2405 1273 2457 obloquitur
1302 2404 1587 2455 Fritzschius,
1627 2405 1698 2458 qui

218 2494 344 2534 quum
374 2476 642 2518 formicarum
673 2478 758 2517 vias
789 2482 923 2516 rectas
954 2491 1045 2516 esse
1076 2477 1286 2528 nullisque
1316 2476 1490 2517 flexibus
1520 2475 1696 2528 impedi-

221 2558 284 2593 tas
313 2551 391 2591 sibi
406 2550 695 2602 persuasisset,
725 2549 765 2588 in
799 2561 888 2588 eam
913 2548 1073 2588 delatus
1096 2552 1158 2588 est
1185 2548 1436 2600 opinionem,
1467 2551 1513 2587 ut
1542 2546 1696 2587 utrius-

314 2717 346 2761 *)
372 2718 472 2751 Hanc
504 2718 615 2759 enim,
648 2729 717 2751 non
753 2719 894 2751 alteram
929 2715 1019 2749 inam
1052 2726 1153 2760 quam
1177 2714 1304 2748 ibidem
1332 2715 1494 2759 proposui
1521 2720 1556 2752 et
1579 2715 1699 2759 reieci,

220 2779 542 2832 interpretationem
568 2789 837 2814 commemorare
862 2778 1010 2811 debebat
1035 2776 1247 2812 Fritzschius
1272 2777 1314 2810 ad
1340 2776 1553 2822 Thesmoph.
1576 2777 1599 2811 1.
1626 2778 1649 2812 l.
