1786 3210
253 176 339 224 538
458 245 476 253 -
842 175 1148 222 Em’omms

254 288 393 344 οὕτως
428 282 484 345 ἦν
521 288 682 348 ἰσχνός.
748 296 865 347 Quae
904 293 1116 335 exornavit
1157 293 1460 347 quodammodo
1490 295 1734 342 Eustathins

255 368 307 408 ad
338 367 464 408 Hom.
494 379 536 419 p.
568 367 680 406 1288
708 365 786 406 45:
823 363 996 418 λέγεται
1038 362 1084 403 δὲ
1113 365 1188 405 καὶ
1217 361 1538 419 Ἀρχέστρατος
1565 365 1590 409 ὁ
1618 366 1732 424 μάν-4

252 452 317 487 τις
345 437 421 478 καὶ
450 433 585 502 αὐτὸς
613 434 659 475 ἐν
688 436 778 484 τοῖς
808 428 991 492 ὕστερον
1021 433 1109 476 τῶν
1126 435 1287 492 Κηρῶν
1317 433 1572 492 λεπτότερος
1600 430 1728 485 εἶναι.

252 508 474 563 Πολέμων
526 504 606 548 οὐν
649 507 790 563 φησὶν
827 505 991 547 ἐκεῖνον
1030 503 1195 548 ἁλόντα
1236 503 1322 548 ὑπὸ
1366 507 1655 565 Πτολεμαίου
1690 515 1731 566 *)

228 581 329 630 ,καὶ
358 579 430 621 ἐπὶ
461 576 589 632 ζυγὸν
619 576 927 630 ἐπιβληθέντα
954 573 1118 631 ὀβολοῦ
1147 575 1280 630 ὁλκὴν
1300 575 1542 634 εὑρεθῆναι
1562 575 1731 637 ἔχοντα.

251 679 307 686 —-
353 654 425 695 Vs.
454 652 482 692 5
526 645 769 705 φαλακρόν,
829 652 941 692 Num
972 651 1291 704 Aristophanem
1315 652 1445 692 dicit?
1488 667 1539 695 an
1571 655 1731 697 Lache-

250 729 337 765 tem
377 724 444 765 vel
482 723 713 764 Geretem?
755 736 795 763 v.
834 723 964 763 schol.
1002 723 1214 776 Aristoph.
1253 723 1381 776 vesp.
1411 725 1509 765 242.
1550 727 1729 769 Acharn.

249 796 346 837 603.
405 821 463 829 —-
518 796 592 838 Vs.
622 794 649 835 5
689 794 902 834 Porsonus
931 794 1106 835 Advers.
1138 807 1177 847 p.
1210 795 1294 834 286
1323 795 1460 836 inutili
1490 798 1730 839 coniectura

247 880 413 909 versum
451 867 620 920 explere
658 866 845 906 tentabat
878 860 901 904 ὁ
944 861 971 903 δ
982 860 991 872 '
1024 859 1181 917 ὄγδοος
1222 860 1310 917 τίς;
1351 860 1374 905 ὁ
1405 862 1456 905 τὸ
1496 863 1730 920 τριβώνιον

246 937 413 996 φορῶν.
445 940 644 980 Ceterum
674 937 892 990 Eupolidis
917 937 1056 977 locum
1087 936 1347 990 Porphyrius
1379 951 1430 978 eo
1461 940 1598 979 attulit
1628 953 1728 982 con-

246 999 362 1074 silio,
391 1014 438 1052 ut
466 1010 571 1050 illud
602 1009 847 1050 numerandi
877 1018 1009 1062 genus
1037 1003 1286 1057 illustraret,
1318 1019 1399 1060 quo
1430 1022 1468 1051 v.
1498 1021 1535 1053 ο.
1565 1007 1728 1066 τρίτος,

245 1082 452 1139 τέταρτος
491 1084 570 1123 etc.
611 1081 669 1122 ita
708 1080 885 1130 dicitur,
920 1083 967 1120 ut
1003 1092 1053 1120 ex
1089 1080 1346 1133 praegressis
1382 1081 1488 1121 alius
1529 1093 1726 1125 numerus

245 1154 518 1198 assumendus
547 1153 613 1194 sit.
671 1150 860 1193 Eandem
890 1151 932 1190 in
962 1163 1051 1190 rem
1083 1150 1165 1190 duo
1189 1147 1355 1190 Pindari
1385 1153 1573 1205 exemplo
1602 1153 1726 1195 affert

246 1227 380 1283 (apud
409 1225 667 1268 Boeckhium
698 1237 740 1278 p.
772 1223 875 1276 126)
908 1226 951 1263 et
980 1232 1108 1263 unum
1139 1222 1316 1262 Hesiodi
1347 1224 1453 1276 Opp.
1483 1225 1581 1265 696.

953 1370 1005 1416 V.

467 1478 640 1530 Λοιπὸς
660 1474 745 1535 γὰρ
774 1474 938 1528 οὐδείς·
971 1475 998 1530 ἡ
1029 1476 1246 1534 τροφαλὶς
1275 1475 1441 1528 ἐκεινηΐ

465 1565 541 1624 ἐφ’
571 1560 702 1623 ὕδωρ
722 1563 892 1620 βαδίζει
921 1564 1072 1619 σκῖρον
1101 1558 1395 1617 ἠμφιεσμένη.

355 1685 590 1728 Scholiasta
619 1681 831 1735 Aristoph.
861 1681 989 1733 Vesp.
1019 1679 1103 1719 960
1145 1678 1293 1730 (920):
1338 1672 1517 1734 σκίρρον
1554 1675 1603 1718 τὸ
1640 1681 1720 1735 ῥυ..

242 1754 382 1807 πῶδες
411 1753 462 1797 τὸ
492 1753 566 1795 ἐπὶ
595 1750 683 1793 τῶν
711 1748 873 1806 τυρῶν,
903 1765 960 1799 ως
992 1745 1184 1797 Εὔπολις
1217 1746 1382 1806 Χρυσῷ
1410 1748 1522 1800 γένει
1548 1746 1720 1800 Λοιπὸς

240 1829 325 1887 γὰρ
367 1823 511 1875 οὐδείς
551 1823 643 1866 κτλ.
713 1824 787 1866 Vs.
819 1823 843 1862 1
888 1823 1012 1876 vulgo
1057 1818 1272 1876 τροφαλὶς
1317 1822 1407 1862 sine
1453 1823 1627 1863 articulo
1675 1827 1718 1863 et

240 1899 396 1952 ἐκείνη.
455 1897 628 1941 Correxi
663 1885 791 1945 haec,
830 1907 1076 1947 quamquam
1116 1888 1257 1942 ἐκείνη
1296 1893 1453 1934 servari
1482 1896 1643 1947 potest,
1680 1893 1717 1935 si

238 1978 358 2018 locus
387 1972 440 2014 ad
468 1972 733 2011 tetrametros
762 1970 982 2006 revocatur
1011 1966 1090 2004 hoc
1121 1965 1266 2004 modo:
1714 1959 1718 1965 ’

353 2056 381 2084 v
408 2068 466 2075 -—
496 2053 523 2080 v
552 2067 609 2072 --
639 2034 792 2084 λοιπὸς
821 2032 904 2089 γὰρ
935 2030 1100 2082 οὐδεὶς·
1130 2030 1158 2084 ἡ
1188 2027 1405 2089 τροφαλὶς
1433 2026 1575 2084 ἐκείνη

350 2109 426 2170 ἐφ’
455 2103 573 2163 ὕδωρ
604 2103 773 2162 βαδίζει
803 2107 952 2159 σκῖρον
980 2096 1259 2159 ἠμφιεσμένη
1288 2117 1316 2145 v
1344 2131 1400 2138 —
1427 2104 1486 2137 3.]-

236 2185 493 2231 Fritzschius
524 2184 693 2234 Quaest.
723 2179 851 2220 Arist.
881 2177 900 2218 I
931 2191 971 2230 p.
989 2175 1072 2216 146
1102 2177 1332 2217 scribebat:
1362 2173 1578 2231 τροφαλὶς
1606 2168 1713 2225 ἔξει·

237 2257 291 2310 νὴ
323 2253 429 2306 Δία,
458 2255 584 2307 idque
612 2249 829 2306 praeclare
857 2247 1058 2290 illustrari
1088 2246 1188 2288 dicit
1216 2248 1313 2289 loco
1343 2244 1556 2303 Aristoph.
1586 2244 1714 2301 vesp.

235 2334 321 2378 838
349 2342 439 2384 sqq.

936 2383 989 2430 οὐ
1017 2385 1100 2442 γὰρ
1130 2384 1153 2428 ὁ
1182 2382 1341 2442 Λάβης
1370 2378 1530 2444 ἀρτίως

461 2463 485 2509 ὁ
513 2463 630 2508 κύων
659 2458 863 2519 παρᾴξας
891 2458 934 2510 ἐς
962 2457 1041 2501 τὸν
1071 2453 1201 2500 ἰπνὸν
1229 2455 1433 2516 ἁρπάσας

463 2532 715 2595 τροφαλίδα
743 2530 877 2589 τυροῦ
905 2528 1136 2582 Σικελικὴν
1163 2525 1475 2582 κατεδήδοκενς

297 2688 329 2732 ’)
360 2685 561 2721 Athenaeus
584 2679 654 2718 ὑπὸ
677 2686 747 2717 τῶν
770 2682 955 2725 πολεμίων,
980 2679 1036 2714 ubi
1060 2681 1088 2713 B
1113 2679 1290 2713 articulum
1317 2679 1454 2712 omittit.
1477 2672 1532 2710 Ex
1550 2674 1709 2721 Epitoino
1784 2720 1786 2728 ⁴

234 2748 322 2785 nihil
345 2746 521 2781 varietatis
545 2749 721 2778 enotatum
747 2746 811 2777 est.
849 2742 1015 2776 Ceterum
1041 2738 1210 2776 Eustachii
1233 2733 1347 2774 verbis
1371 2741 1497 2774 abusus
1523 2742 1575 2773 est
1594 2736 1709 2773 Fritz-

235 2808 350 2848 sebius
374 2808 418 2842 de
442 2805 620 2852 Aristoph.
644 2806 745 2840 Dact.
764 2815 798 2850 p.
822 2803 880 2840 99.
