1786 3210
655 182 712 224 M
710 183 752 224 E
755 179 1038 224 ΤΑΛΛΗΣ.
1497 187 1582 228 309

96 297 355 352 inscriptam,
407 309 457 338 ex
504 309 586 351 quo
636 310 896 350 consequens
942 301 1008 338 est
1049 298 1226 339 eandem
1264 298 1306 339 in
1347 298 1580 341 didascaliis

94 368 226 410 fuisse
258 369 553 421 consignatam.
622 370 683 410 Ex
721 369 956 409 didascaliis
998 370 1088 409 eius
1117 369 1179 409 rei
1209 370 1354 410 notitia
1382 370 1580 424 deinceps

94 439 136 480 in
166 441 525 493 grammaticorum
556 439 723 492 scripta,
755 453 805 479 ex
836 440 987 492 quibus
1018 439 1258 480 Athenaeus
1287 452 1402 480 suam
1434 441 1487 480 de
1515 441 1578 481 fa-

94 512 284 553 bularum
313 509 573 563 temporibus
603 511 818 551 scientiam
849 510 1072 560 derivavit,
1112 511 1311 551 translata
1347 515 1425 552 est.
1491 512 1575 551 Sed

93 583 269 623 eandem
309 581 574 622 Pherecratis
612 581 795 622 fabulam
836 593 963 634 quum
1002 586 1149 634 postea
1190 582 1468 622 Nicomachus
1508 595 1575 622 re-

92 655 312 693 tractasset
342 664 531 704 novaque
560 652 713 693 incude
744 652 1018 705 distinxisset,
1054 652 1207 704 prioris
1237 651 1404 692 fabulae
1433 652 1577 702 editio,

91 727 138 764 ut
167 724 262 764 fieri
292 724 422 772 solet,
453 723 668 775 paullatim
699 737 749 763 ex
779 735 857 764 usu
889 727 931 763 et
961 723 1162 763 memoria
1191 722 1405 763 hominum
1437 723 1576 776 elapsa

91 798 169 835 est.
230 795 294 834 Ita
322 795 451 847 igitur
480 793 636 834 factum
667 794 857 844 videtur,
887 797 933 834 ut
963 792 1204 835 Athenaeus
1235 806 1286 834 eo
1315 806 1438 846 quem
1470 794 1573 834 dixi-

90 877 182 906 mus
221 866 315 905 loco
355 865 718 918 grammaticorum
757 865 886 905 fidem
923 868 1126 916 sequutus
1161 864 1383 916 genuinam
1414 864 1572 904 Phere-

90 936 214 976 cratis
260 935 443 975 fabulam
486 936 674 976 manibus
711 948 757 976 se
798 939 944 975 tenere
983 938 1198 983 censeret,
1242 934 1464 975 immemor
1501 934 1574 975 ille

89 1011 177 1046 tum
218 1006 386 1058 quidem
415 1006 729 1056 Eratosthenis,
770 1006 887 1046 cuius
924 1004 1048 1044 crisin
1089 1004 1220 1044 altero
1258 1005 1351 1045 loco
1390 1006 1469 1045 sibi
1505 1018 1572 1045 se-

88 1077 294 1129 quendam
324 1081 554 1130 putaverat.
616 1078 758 1130 Qualis
789 1078 875 1117 sive
905 1075 1207 1117 inconstantiae
1236 1076 1324 1115 sive
1354 1075 1571 1129 negligen-

87 1148 171 1189 tiae
202 1149 391 1201 exempla
420 1149 461 1189 in
491 1149 563 1188 illo
586 1148 798 1207 ⁸scriptore
829 1160 910 1187 non
940 1157 1073 1200 pauca
1101 1146 1382 1198 reperiuntur.

199 1220 451 1272 Fragmenta
487 1219 653 1260 fabulae
683 1223 851 1273 praeter
882 1231 930 1258 ea
960 1217 1066 1270 quae
1097 1217 1312 1258 attulimus
1351 1216 1570 1269 reperiun-

87 1294 157 1331 tur
198 1290 332 1340 nnlla3
373 1302 451 1330 nec
486 1293 626 1331 tamen
665 1304 689 1330 a
730 1289 914 1330 veritatis
951 1289 1093 1341 specie
1132 1288 1363 1329 abhorrere
1390 1287 1570 1341 videtur,

87 1362 263 1402 eandem
293 1360 476 1402 fabulam
506 1359 729 1414 significari
758 1360 808 1399 ab
839 1358 1067 1412 Hesyclnio,
1104 1353 1297 1413 Ταρρόςε
1326 1352 1465 1409 κώπη,
1493 1355 1572 1398 καὶ

86 1430 258 1487 πλέγμα
287 1426 546 1485 καλάμινον,
568 1429 644 1471 καὶ
673 1428 807 1477 λίθος
839 1425 997 1469 ὁκάτω
1028 1427 1264 1482 τιθέμενος
1291 1427 1339 1468 ἐν
1366 1426 1427 1485 τῷ
1458 1421 1571 1484 ἰπνῷ

85 1502 132 1544 ἐν
161 1503 252 1552 τοῖς
280 1500 555 1557 μεταλλεῦσι.
622 1501 712 1542 Nisi
750 1501 860 1542 forte
896 1513 973 1554 pro
1002 1498 1266 1553 μεταλλεῦσι
1303 1499 1568 1542 scribendum

83 1571 328 1630 μετάλλοις.
387 1575 512 1628 Apud
544 1573 759 1614 Pollucem
791 1572 829 1614 X
860 1572 966 1614 140:
997 1569 1334 1628 θυλακοφορεΐν
1362 1566 1464 1618 τοὺς
1489 1582 1567 1624 με-

83 1645 269 1695 ταλλέας
297 1645 342 1687 οἱ
370 1642 574 1702 κωμῳδοὶ
603 1641 796 1696 λέγουσι,
841 1656 948 1696 quae
987 1647 1030 1683 et
1070 1643 1160 1697 ipsa
1199 1644 1251 1685 ad
1289 1646 1472 1684 nostram
1500 1641 1565 1683 fa-

86 1720 223 1761 bulam
263 1723 453 1772 spectare
489 1716 734 1764 credebam,
782 1714 888 1756 nihil
926 1706 1102 1768 impedit
1140 1727 1222 1768 quo
1261 1715 1397 1755 minus
1434 1725 1564 1757 uuum

85 1789 405 1843 Aristophanem
436 1788 589 1842 respici
619 1785 914 1829 existimemus.
974 1786 1024 1828 V.
1043 1786 1254 1840 Aristoph.
1283 1784 1433 1838 fragm.
1465 1783 1563 1824 619.

455 2128 1184 2172 ΜΕΤΟΙΚΟΙ.

196 2255 441 2310 Apollonius
479 2255 532 2297 de
569 2269 688 2309 pron.
719 2268 760 2309 p.
792 2255 939 2296 4otb=
976 2250 1022 2292 ἐν
1063 2247 1299 2298 Μετοίκοις
1341 2245 1556 2304 Φερεκρά-

82 2340 184 2375 τους
212 2319 333 2377 ἅπαξ
360 2323 482 2366 ἐστὶν
511 2320 716 2381 εἰρημένη
754 2321 812 2376 (ἡ
849 2321 1006 2364 εὐθεῖα
1047 2318 1310 2374 ἑμαυτός)
1346 2320 1421 2360 καὶ
1452 2318 1556 2368 ἴσως

82 2398 205 2439 &vexa
238 2396 316 2438 τοῦ
344 2393 528 2449 γελοίου.
587 2397 670 2438 Sed
702 2398 847 2438 cadem
879 2397 928 2436 ab
954 2393 1101 2435 eodem
1123 2406 1164 2445 p.
1180 2391 1302 2431 3480
1332 2405 1384 2432 cx
1415 2392 1555 2432 Plato-

82 2470 143 2512 nis
176 2465 411 2518 Μεῐυίκοις
442 2470 684 2511 afferuntur.
747 2469 833 2510 Cl'r.
869 2469 976 2508 [list.
1009 2464 1098 2505 crit.
1131 2477 1169 2516 p.
1202 2463 1270 2502 70.
