1786 3210
213 186 300 228 382
749 186 1152 230 PHERECRATIS

214 296 290 338 καὶ
326 292 454 338 ἄλλοι
491 296 540 339 δὲ
575 297 884 355 κωμῳδοποιοὶ
923 297 1096 351 ἔδειξαν
1134 297 1217 351 τὴν
1249 295 1443 341 ἀτοπίαν
1470 300 1695 358 τῶνμετὰ
1767 320 1770 322 ·

214 366 357 408 ταῦτα
387 366 468 418 τὴν
495 366 714 422 μουσικὴν
741 367 1240 425 κατακεκερματικότων.
1281 373 1372 413 Hos
1402 386 1559 423 versus,
1589 388 1692 427 quos

213 440 370 482 frustra
400 442 435 482 F
438 442 657 481 ritzschius
686 441 896 493 Euphros.
930 443 947 483 1
979 457 1019 496 p.
1050 444 1106 483 24
1135 444 1422 495 Aristophanis
1453 444 1575 485 Poesi
1604 446 1692 486 vin-

214 513 353 552 dicare
392 516 562 552 conatus
602 514 687 560 est,
728 513 913 553 eiusdem
947 527 1040 554 esse
1073 515 1338 554 Pherecratis
1379 519 1420 554 et
1458 529 1508 555 ex
1546 516 1692 555 eadem

212 595 262 622 ex
301 595 381 634 qua
423 581 613 633 superius
653 576 933 635 fragmentum
981 584 1121 625 fabula
1166 587 1341 638 petitos,
1384 599 1520 638 neque
1556 587 1690 627 Brun-

211 652 324 691 kium
370 651 479 703 fugit
533 652 584 692 ad
630 653 844 706 Aristoph.
888 655 967 694 vol.
1015 655 1075 695 Ill
1125 669 1164 707 p.
1211 657 1314 706 170,
1372 670 1508 709 neque
1549 657 1689 698 Elma-

208 721 336 760 leium
367 721 417 760 ad
449 723 738 776 Aristophanis
769 724 947 766 Acharn.
978 725 1076 775 554,
1114 726 1184 778 qui
1220 727 1358 767 locum
1396 728 1454 768 ita
1491 728 1688 782 scriptum

210 793 419 833 exhibuit:
1348 845 1351 847 ¹

377 855 438 910 εἰς
467 859 568 910 τοὺς
596 860 796 913 κυκλίους
821 861 981 919 χοροὺς
1010 863 1092 920 γὰρ
1122 860 1404 919 εἰσηνέγκατο

377 930 674 988 ἐξαρμονίους,
705 931 1025 990 ὑπερβολαίους
1055 931 1117 988 τ’,
1147 933 1366 989 ἀνοσίους,

375 1002 451 1043 καὶ
481 999 724 1061 νιγλάρους,
755 999 905 1062 ὥσπερ
933 1021 979 1047 τε
1010 1005 1090 1056 τὰς
1117 1005 1345 1065 ῥαφάνους
1372 1002 1480 1061 ὅλην

374 1073 563 1129 καμπῶν
590 1090 642 1130 με
671 1077 985 1131 κατεμέστωσε,

206 1147 410 1199 Apertum
452 1151 515 1187 est
553 1149 685 1189 virum
716 1150 1114 1202 praestantissimum
1147 1150 1359 1191 Plutarchi
1389 1153 1512 1193 verba
1542 1137 1683 1206 paullo

198 1218 484 1271 negligentius
514 1219 766 1272 inspexisse:
797 1221 902 1261 adeo
934 1220 1176 1260 mirabiliter
1205 1222 1277 1262 ille
1309 1236 1357 1262 ea
1386 1236 1492 1274 quae
1521 1226 1683 1266 Aristo·

205 1289 382 1342 phanes,
400 1289 625 1330 Plutarcho
658 1295 843 1341 auctore,
874 1291 926 1330 de
946 1291 1172 1331 Philoxeno
1204 1293 1354 1333 alicubi
1386 1293 1557 1345 dixerat,
1588 1282 1692 1338 cum.

203 1360 305 1413 ipsis
337 1359 601 1400 Pherecratis
631 1362 819 1402 versibus
849 1361 1119 1402 commiscuit.
1194 1356 1395 1404 Elmsleio
1436 1365 1548 1407 haud
1579 1380 1682 1420 qua-

203 1443 327 1484 quam
355 1430 520 1470 felicior
549 1430 631 1471 fuit
659 1432 888 1482 Hanovius,
919 1433 989 1485 qui
1014 1433 1267 1475 Brunckium
1297 1440 1383 1476 tres
1411 1436 1507 1478 illos
1538 1451 1681 1481 versus

202 1514 297 1543 cum
328 1501 594 1542 Pherecratis
632 1501 866 1555 fragmento
907 1504 1228 1556 coniungentem
1267 1506 1325 1545 ita
1362 1513 1561 1559 sequutus
1601 1515 1677 1560 cst,

200 1576 250 1615 ut
283 1576 379 1626 post
415 1585 474 1613 vs.
503 1572 560 1612 25
607 1573 765 1625 aliquot
810 1586 954 1615 versus
1001 1576 1224 1624 excidisse,
1267 1576 1337 1617 illa
1376 1584 1514 1619 autem
1553 1582 1679 1623 verba

200 1637 535 1698 Ἀριστοφάνης
565 1638 589 1682 ὁ
619 1641 808 1696 κωμικὸς
839 1650 918 1685 etc.
958 1658 1039 1685 non
1080 1659 1103 1686 a
1134 1646 1355 1687 Plutarcho
1387 1650 1563 1703 scripta,
1603 1654 1677 1694 sed

203 1729 255 1757 ex
283 1715 454 1756 scholiis
485 1714 537 1753 ad
567 1715 780 1768 Aristoph.
811 1716 922 1756 Plut.
952 1716 1050 1765 291,
1089 1717 1159 1756 ubi
1190 1718 1243 1758 de
1274 1719 1500 1761 Philoxeno
1529 1723 1677 1765 similia

201 1787 430 1836 tradantur,
461 1799 485 1826 a
515 1786 644 1827 sciolo
676 1787 812 1839 aliquo
843 1788 1002 1829 adiecta
1034 1802 1126 1829 esse
1148 1789 1383 1831 arbitretur.
1413 1792 1676 1837 Postremum

199 1858 283 1899 hoc
311 1858 523 1898 levissime
554 1858 830 1910 excogitatum
861 1863 946 1908 est3
977 1860 1051 1899 sed
1081 1859 1231 1901 falsum
1263 1862 1386 1901 etiam
1417 1863 1534 1915 illud,
1565 1868 1676 1918 quod

195 1931 249 1972 de
273 1930 493 1970 Philoxeni
522 1930 564 1969 in
595 1934 683 1969 arte
714 1930 869 1970 musica
898 1931 1183 1972 novationibus
1214 1933 1507 1975 aPherecrate
1536 1942 1673 1980 actum

198 2015 291 2044 esse
331 2002 408 2042 sibi
444 2002 670 2053 persuasit;
714 2013 960 2053 quamquam
999 2002 1097 2042 huic
1138 2004 1321 2054 opinioni
1362 2006 1539 2058 aliquam
1576 2022 1674 2062 spe-

197 2075 304 2115 ciem
334 2072 555 2113 conciliare
585 2073 788 2124 potuisset
819 2070 1003 2112 adhibito
1035 2074 1276 2114 Nicomachi
1311 2075 1404 2115 loco
1443 2090 1568 2130 supra
1598 2079 1670 2120 ad-

195 2146 364 2197 scripto.
441 2143 526 2183 Sed
566 2141 867 2183 Nicomachum
906 2144 1041 2183 minus
1085 2149 1277 2184 accurate
1324 2146 1541 2198 loquutum
1577 2163 1670 2192 esse

195 2199 319 2257 docet
347 2219 434 2255 tota
464 2214 734 2255 Pherecratei
764 2215 988 2267 fragmenti
1019 2215 1305 2266 conformatio,
1335 2231 1441 2270 quae
1470 2220 1529 2260 ita
1558 2234 1671 2262 com-

195 2291 337 2341 parata
369 2292 452 2335 est,
486 2292 530 2326 ut
560 2291 655 2341 post
686 2287 976 2335 Timotheum,
1010 2287 1053 2327 in
1084 2299 1207 2339 quem
1238 2301 1361 2329 omne
1392 2291 1503 2331 viru·
1534 2292 1669 2335 effun-

197 2360 259 2400 dit
279 2358 452 2407 Musica,
484 2358 643 2397 nullum
674 2362 891 2410 praeterea
922 2359 1022 2397 artis
1054 2364 1340 2411 corruptorem
1372 2373 1670 2405 commemora·-

195 2434 282 2470 tum
314 2429 444 2469 fuisse
474 2429 629 2480 liquido
660 2434 872 2481 appareat.
934 2429 1042 2481 Quid
1074 2430 1430 2485 enim,„0b=ecr0‚
1461 2438 1555 2484 post
1583 2435 1667 2484 illa,

197 2514 304 2555 quae
334 2501 386 2541 de
416 2501 638 2540 Timotheo
671 2500 878 2548 dicuntur,
908 2503 1072 2552 gravius
1101 2501 1247 2542 inferri
1278 2504 1511 2555 potuisset?
1568 2504 1667 2544 Pul-

199 2573 300 2612 chre
329 2573 410 2612 hoc
439 2572 691 2612 intellexisse
723 2572 885 2611 videtur
915 2573 1160 2612 Brunckius.
1227 2574 1265 2613 ls
1304 2574 1412 2613 enim
1443 2586 1586 2615 versus
1614 2576 1666 2615 il-

196 2644 259 2684 los
287 2643 473 2695 proxime
503 2655 596 2683 cum
628 2643 911 2695 superioribus
941 2644 998 2682 ita
1029 2644 1259 2692 coniunxit,
1292 2649 1349 2693 ut,
1381 2644 1540 2685 sublata
1570 2651 1666 2698 post

190 2696 372 2768 χορδαῖς
402 2708 569 2751 δώδεκα
600 2714 956 2766 interpunctione,
990 2714 1146 2753 dativos
1177 2715 1443 2754 restitueret:
1474 2710 1666 2770 ὑπερβο-

194 2781 337 2833 λαίοις
367 2787 447 2826 etc.
519 2784 600 2825 Sed
634 2798 686 2825 ne
716 2784 795 2826 hac
825 2784 992 2838 quidem
1023 2785 1251 2827 mutatione
1282 2798 1386 2838 opus
1417 2791 1503 2837 est,
1541 2788 1689 2829 modo„
