1786 3210
233 162 315 203 260
758 157 1163 200 PHERRGRA'HS

417 404 468 444 ΙΙ
498 401 587 458 μὴν
618 399 673 442 σὺ
702 399 868 442 σαυτὸν
896 402 1143 456 μακαριεῖς,
1173 391 1206 440 ὦ
1240 399 1336 453 τᾶν,
1366 395 1478 442 ὅταν

401 479 525 529 οὗτοί
554 500 602 526 σε
631 482 970 540 κατορύττουσιν.
1033 485 1082 526 Β.
1117 482 1170 527 οὐ
1200 482 1325 537 δῆτ’·
1357 483 1458 528 ἀλλ’
1490 486 1570 542 ἐγώ

402 569 590 619 τούτους
620 566 859 625 πρότερον·
892 563 1017 612 οὗτοι
1046 570 1093 612 δὲ
1121 571 1393 629 μακαριοῦσί
1422 588 1491 629 με.

401 654 548 698 καίτοι
578 652 729 696 πόθεν
757 654 916 706 ληνοὺς
947 654 1169 708 τοσαύτας
1199 656 1426 715 λήψομαι,-

346 771 495 811 Pollux
525 770 563 810 X
595 769 699 810 150:
729 768 980 824 Σοροποιοῦ
1010 767 1154 822 σκεύη,
1185 770 1315 829 σορὸς
1345 767 1501 820 πύελος
1529 768 1716 825 κιβωτὸς
1776 816 1779 818 μ

231 836 374 892 ληνός.
446 833 535 879 οἵτε
577 837 661 894 γὰρ
706 840 803 896 περὶ
840 837 1068 899 Ἐραστον
1111 844 1186 885 καὶ
1234 841 1460 900 Κορίσκον
1500 838 1714 883 Πλάτωνι

230 910 555 959 ἐπιστέλλοντες
599 904 821 966 γράφουσι
867 911 1033 964 ,,ληνὸν
1071 911 1277 957 ’Λσσίαν
1314 914 1391 966 τῆς
1426 910 1715 971 σαρκοφάγον

229 980 393 1024 λίθου”
430 980 506 1022 καὶ
545 977 759 1035 ἐπάγουσι
789 984 890 1040 περὶ
919 984 999 1027 τοῦ
1026 982 1166 1028 αὐτοῦ
1194 986 1390 1042 λέ9οντες
1429 984 1631 1043 ,,σορῴ”.
1689 978 1718 1026 ὅ

228 1068 274 1095 τε
295 1044 569 1110 Φερεκράτης
599 1052 647 1094 ἐν
675 1055 768 1103 τοῖς
793 1050 1040 1109 Ἀ9ρίοις
1026 1055 1111 1114 ἐφη
1134 1049 1210 1099 ³H
1237 1056 1327 1113 μὴν
1358 1055 1414 1099 σὺ
1436 1055 1606 1098 σαυτὸν
1621 1055 1714 1097 κτλ,

228 1128 347 1169 Haec
377 1125 560 1166 Pollucis
591 1127 718 1167 verba
749 1128 899 1180 partim
932 1143 982 1170 ex
1007 1145 1099 1172 mea
1115 1132 1265 1184 partim
1298 1144 1348 1172 ex
1362 1129 1541 1170 Bentleii
1570 1141 1712 1170 emen«

229 1198 401 1239 datione
431 1197 646 1274 adscripsi.
706 1199 756 1240 V.
789 1199 923 1252 Epist.
956 1202 1007 1241 ad
1037 1202 1281 1243 Hemsterh.
1312 1215 1354 1254 p.
1385 1202 1453 1268 67.
1513 1201 1586 1243 Vs.
1618 1200 1641 1239 1
1685 1190 1715 1249 ἦ

226 1264 319 1322 μὴν
349 1263 406 1307 σὺ
436 1264 604 1307 σαυτὸν
631 1270 872 1323 μακαριεῖς.
934 1273 995 1313 lta
1025 1287 1073 1314 ex
1105 1274 1266 1314 duobus
1296 1271 1417 1313 codd.
1448 1271 1605 1312 editum
1635 1275 1711 1312 est.

229 1339 313 1381 Alii
343 1331 372 1388 ἢ
400 1337 482 1392 μὲν
511 1334 569 1379 σύ
597 1333 709 1380 αὐτὸ
740 1344 783 1381 et
805 1339 1058 1419 μακαρίοις.
1094 1326 1203 1386 Tum
1233 1333 1266 1382 ὦ
1298 1341 1380 1382 τᾶν
1409 1342 1567 1383 addidit
1583 1344 1711 1383 Bent-

226 1411 348 1451 leius.
421 1410 547 1453 Vs.2
594 1412 743 1465 scripsi
771 1409 894 1453 οὑτοι
931 1427 981 1455 ex
1019 1415 1112 1456 cod.
1153 1416 1314 1457 Seberi.
1388 1414 1525 1467 Vulgo
1567 1407 1712 1455 αὐτοί.

226 1481 300 1523 Vs.
331 1481 359 1520 3
408 1481 534 1534 vulgo
572 1481 869 1537 μακαριοῦσιν
910 1482 998 1538 ἐμέ.
1073 1487 1182 1527 Illud
1226 1499 1332 1527 unus
1370 1485 1463 1526 cod.
1504 1487 1709 1539 praebuit.

231 1552 490 1593 Sententiam
523 1552 606 1593 loci
636 1560 751 1595 recte
782 1557 1000 1609 explicavit
1031 1558 1259 1599 Bentleius.
1326 1558 1461 1607 „Cum
1501 1558 1712 1599 laudasset

226 1622 298 1663 ille
338 1623 481 1664 nescio
513 1626 605 1676 quis
635 1625 825 1668 fortunas
855 1640 950 1668 suas
991 1633 1077 1670 tum
1115 1630 1168 1670 ob
1208 1630 1286 1669 alia
1327 1632 1413 1669 tum
1458 1631 1510 1670 ob
1548 1631 1711 1671 firmam

225 1694 352 1734 credo
382 1695 686 1748 valetudinem,
719 1699 796 1738 etsi
826 1703 997 1739 strenue
1026 1705 1318 1753 nepotaretur3
1361 1701 1473 1741 hunc
1502 1701 1608 1741 alter
1639 1715 1709 1742 ex-

226 1766 502 1819 cipiens‚-ita
530 1779 655 1817 vero,
687 1769 743 1808 ait
772 1762 1015 1823 εἷρωνικῶς,
1047 1776 1134 1812 tum
1165 1772 1354 1830 fortunas
1385 1776 1477 1812 tuas
1506 1772 1708 1822 laudabis,

225 1848 320 1876 cum
350 1838 516 1890 cognati
548 1839 608 1878 tui
637 1843 680 1880 te
703 1853 797 1881 mox
828 1842 1050 1895 sepelient.
1110 1843 1219 1893 Non,
1249 1855 1347 1893 non,
1379 1843 1593 1897 subiungit
1619 1844 1707 1894 ille,

224 1907 418 1959 equidem
449 1921 521 1949 eos
551 1923 696 1953 omnes
719 1912 984 1965 componam,
1016 1917 1059 1952 et
1088 1914 1151 1954 illi
1174 1910 1444 1969 μἀκαριοῦσὶ
1472 1927 1524 1967 με
1557 1927 1706 1968 super-

223 1977 365 2019 stitem
397 1981 439 2019 et
467 1982 653 2023 sanum.''

918 2108 1013 2150 ΧΠ.

334 2188 561 2230 Proverbia
589 2189 751 2231 Bodlei.
781 2190 838 2232 57
868 2206 908 2246 p.
939 2194 980 2235 7.
1018 2188 1354 2248 ’Λντρώνιος
1382 2188 1527 2243 ὅνοςε
1565 2192 1705 2251 Φερε-
1781 2186 1784 2190 ’

218 2249 381 2311 κράτης
409 2257 456 2298 ἐν
481 2254 683 2337 ’Λ9ρίοις
712 2259 759 2300 ἐν
780 2257 1010 2319 ''Avtpwm
1040 2265 1154 2320 ([φ9σὶ
1173 2261 1388 2318 μεγάλους
1416 2262 1545 2315 ὄνους
1574 2256 1702 2312 εἶναι.

218 2325 315 2367 Καὶ
343 2324 370 2378 ἡ
404 2327 623 2384 παροιμία
653 2329 725 2370 ἐπὶ
755 2331 844 2373 τῶν
871 2331 1078 2389 μεγάλων
1117 2336 1193 2377 καὶ
1230 2332 1304 2390 ά9
1290 2334 1410 2381 οἰων.
1481 2340 1702 2394 Diogenia-

219 2399 419 2441 nus126.
448 2395 787 2455 Ἀντρώνιος
815 2401 968 2455 όνοςε
1000 2405 1072 2447 ἐπὶ
1103 2405 1404 2462 τωνμεγάλων
1431 2409 1507 2450 καὶ
1537 2405 1703 2464 ἀγρίων

216 2467 292 2507 καὶ
321 2466 630 2549 άνενεργήτων.
686 2467 799 2512 'Ev
800 2470 1016 2530 Ἀντρωνι
1044 2474 1148 2532 γάρ,
1177 2473 1236 2527 ὥς
1266 2492 1378 2532 φησι
1414 2476 1701 2534 Φερεκράτης,

217 2533 400 2590 μεγάλοι
436 2536 531 2582 ὄνοι
571 2540 784 2594 ἐγένοντο.
861 2547 1137 2589 Scribendum
1174 2551 1329 2603 ubique
1364 2545 1619 2604 ’Λντρῶνι,
1653 2555 1700 2592 ut

216 2608 350 2649 voluit
389 2611 654 2654 Herodianus
696 2616 806 2668 apud
851 2618 1120 2659 Eustathium
1159 2620 1210 2659 ad
1249 2621 1297 2660 Il.
1345 2634 1387 2674 p.
1419 2622 1517 2663 324.
1592 2623 1697 2664 Cod.

215 2677 454 2722 Marcianus
485 2684 834 2761 Harpocrationis
854 2700 896 2741 p.
920 2689 990 2730 24.
1024 2685 1083 2729 A
1095 2700 1227 2744 ντρω
1242 2702 1390 2740 νειος
1418 2687 1545 2741 ὄνος
1575 2691 1699 2747 παρὰ

219 2745 504 2806 Φερεκράτης
536 2748 631 2793 ἔστι
661 2753 708 2795 δὲ
739 2755 957 2813 παροιμία
990 2757 1063 2801 επὶ
1093 2758 1182 2800 τῶν
1210 2757 1413 2815 μεγάλων
1441 2765 1525 2818 μὲν
1554 2760 1697 2805 ὄντων
