1786 3210
627 176 672 219 Σ
675 176 802 219 ΤΡΑ
808 173 916 219 Tm
926 175 1049 218 TAI.
1502 181 1590 223 403

107 295 302 336 malicum
332 294 462 334 Bekk.
492 293 651 334 Anecd.
681 307 722 346 p.
753 293 838 332 322
868 292 924 331 32
955 297 999 331 et
1029 291 1070 331 in
1103 291 1303 331 Proverb.
1334 293 1511 348 Bodl.p.
1530 295 1587 335 78

107 366 157 407 1).
202 378 448 419 quamquam
485 365 536 404 ab
567 364 657 403 allis
686 364 728 404 id
758 363 815 403 ita
849 362 1026 403 effertur
1054 357 1116 415 μὴ
1146 355 1239 411 εἶκῆ
1269 359 1350 412 τὴν
1381 359 1589 415 ”Αβυδον

106 436 276 478 πατεῖν.
337 438 386 478 V.
418 435 564 488 Steph.
603 436 704 487 Byz.
744 447 782 474 v.
815 428 1021 484 ''Ass'vffog
1102 434 1292 485 Abydum
1333 439 1470 474 autem
1506 435 1588 476 hoe

105 509 198 550 loco
239 521 320 549 non
358 507 504 547 urbem
546 506 667 554 dicit,
708 505 779 545 sed
821 506 934 557 ipsos
972 505 1067 544 illos
1108 505 1261 545 milites
1300 506 1498 554 Asianos,
1537 519 1587 545 ex

103 581 254 634 Abydo
284 579 457 629 aliisque
486 578 598 617 illius
630 590 729 617 orae
758 578 932 617 urbibus
964 576 1235 629 conscriptos.
1280 577 1426 628 Neque
1455 575 1586 616 inusi-

103 656 234 691 tatum
265 649 398 690 fuisse
429 648 564 701 Abydi
594 661 745 688 nomen
777 649 828 688 ad
859 647 1050 694 homines
1081 647 1336 695 transferre,
1366 646 1489 686 docet
1519 645 1586 686 Si-

103 735 238 775 nopae
269 719 500 761 meretricis
531 720 767 772 exemplum
800 718 909 771 apud
941 719 1188 770 Harpocrat.
1222 732 1262 771 p.
1296 717 1377 758 166
1410 716 1479 757 15.

820 842 872 881 11.

411 922 613 980 Ῥάβὸον
645 922 697 966 δ’
730 921 836 979 ὄψει
869 922 948 976 τὴν
977 917 1245 975 κοτταβικήν

412 1011 460 1053 ἐν
489 1014 581 1060 τοῖς
611 1007 811 1065 ἀχύροισι
840 1008 1173 1064 κυλινδομένην.

213 1128 446 1170 Scholiasta
485 1125 700 1179 Adstaph-
731 1126 828 1165 Pac.
860 1126 994 1166 1240:
1033 1123 1133 1178 περὶ
1172 1123 1255 1176 μὲν
1291 1111 1372 1162 οὗν
1401 1119 1478 1170 τῆς
1507 1116 1585 1178 ῥά-

100 1197 214 1252 βδου
252 1200 322 1250 (in
352 1199 451 1240 ludo
481 1197 659 1246 cottabi)
691 1187 947 1250 ’Ἕρμιππος
977 1193 1024 1235 ἐν
1052 1187 1358 1250 Στρατιώταις
1383 1187 1587 1246 ”Ριὲῥ’δον

100 1264 146 1308 δ’
184 1265 288 1322 ὄψει
317 1267 408 1311 κτλ.
476 1269 659 1310 Eosdem
701 1280 845 1308 versus
884 1281 977 1308 eum
1016 1268 1206 1321 pluribus
1244 1266 1334 1305 aliis
1372 1265 1511 1318 posuit
1540 1267 1583 1307 in

99 1341 261 1384 Moeris
291 1342 459 1394 Fragm.
493 1340 545 1379 11.
612 1338 688 1379 Gfr
726 1339 836 1379 Hist.
868 1338 958 1379 erit.
990 1352 1030 1391 p.
1061 1336 1131 1386 95,
1171 1337 1242 1376 ubi
1281 1336 1391 1389 quod
1428 1336 1583 1377 utrius-

99 1425 181 1465 que
220 1412 387 1454 fabulae
425 1410 680 1453 simillimum
720 1416 1011 1463 argumentum
1055 1408 1187 1448 fuisse
1226 1408 1332 1458 dixi,
1379 1406 1584 1448 intellexit

100 1482 224 1523 etiam
272 1484 477 1536 Bergkius
523 1483 754 1522 Comment.
793 1494 835 1533 p.
866 1480 964 1529 323,
1014 1479 1084 1532 qui
1134 1479 1291 1519 Milites
1339 1479 1582 1519 Moerarum

98 1549 336 1603 διασκευήν
364 1553 495 1595 fulsse
525 1552 637 1592 haud
668 1552 810 1604 inepte
842 1552 1088 1604 suspicatur.
1132 1551 1195 1590 Ex
1225 1549 1373 1590 iisdem
1404 1563 1582 1603 anapae-

87 1624 170 1670 stis
201 1625 298 1677 duo,
328 1639 433 1679 quae
454 1625 651 1677 deinceps
682 1622 871 1676 apposui,
900 1621 1136 1675 fragmenta
1165 1625 1327 1662 servata
1358 1625 1467 1661 sunt.

800 1746 873 1786 ΙΙΙ.

469 1829 563 1872 Χία
596 1829 642 1880 δὲ
672 1826 795 1882 κύλιξ
825 1826 945 1884 ὑψοῦ
973 1827 1187 1883 κρέμαται.

464 1916 564 1973 περὶ
594 1911 898 1971 πασσαλόφιν.

209 2033 451 2075 Athenaeus
488 2031 546 2073 Xl
585 2046 625 2086 p.
656 2032 807 2073 480e:
855 2026 1144 2070 ἐπαινοῦνται
1178 2024 1224 2066 δὲ
1263 2038 1338 2065 και
1375 2023 1426 2064 αὶ
1469 2023 1581 2065 Χῖαι

95 2096 282 2155 κύλικες,
321 2095 386 2143 ὦν
422 2099 689 2156 μνημονεύει
710 2096 967 2158 “Έρμιππος
995 2113 1042 2139 εν
1071 2092 1375 2154 Στρατιώταις
1407 2091 1502 2136 Χία
1534 2093 1579 2135 δὲ

95 2169 218 2225 κύλιξ
246 2173 331 2215 κτλ
393 2176 553 2216 Eadem
596 2189 645 2216 ex
676 2176 894 2232 Athenaeo
934 2173 1056 2213 affert
1087 2169 1330 2211 Eustathius
1369 2168 1419 2207 ad
1451 2169 1578 2208 Hom.

96 2257 136 2297 p.
170 2245 281 2285 1428
319 2245 387 2285 61.
456 2246 615 2294 „Poeta
645 2247 727 2286 hoe
767 2230 878 2294 dicit,
910 2257 1010 2297 prae
1042 2242 1212 2282 militiae
1249 2239 1384 2279 studio
1425 2239 1577 2279 Chium

95 2315 292 2368 poculum
332 2329 511 2369 superne
550 2316 737 2369 pendere
768 2328 904 2368 neque
947 2313 1124 2366 amplius
1154 2310 1385 2364 Μοῖραι-ἦθ’
1445 2311 1576 2362 Berg-

96 2385 188 2427 kius
218 2387 451 2428 Commeat.
482 2401 524 2440 p.
555 2386 654 2428 323.

810 2509 881 2550 lV.

447 2597 569 2656 Νικᾷ
598 2597 649 2640 δ’
680 2595 743 2657 ᾤα
774 2597 963 2649 λιθίνην
991 2593 1207 2652 μάκτραν.

175 2739 177 2746 =
207 2713 356 2755 Pollux
376 2715 414 2756 Χ
445 2716 552 2756 181:
583 2707 698 2755 οὕτω
729 2709 864 2772 (ᾤαν)
893 2710 975 2763 τὴν
1002 2706 1213 2766 μηλωτὴν
1241 2702 1439 2757 ἐκάλουν,
1472 2703 1576 2751 ἴσως

94 2777 183 2822 ἀπὸ
209 2780 286 2833 τῆς
313 2779 421 2834 ὀιός,
447 2785 538 2833 τοῖς
568 2783 614 2825 δὲ
641 2781 936 2841 στρατιώταις
963 2782 1039 2824 καὶ
1069 2776 1170 2822 ἀντὶ
1191 2775 1389 2834 μάκτρας
1416 2774 1577 2830 ὑπουρ-

1206 2853 1262 2892 2ss
1293 2855 1309 2872 ⁴
