1786 3210
280 166 345 216 '⁶0
915 166 1088 209 CRATl
1097 166 1154 209 NI

355 282 509 344 Ἀμφὶ
538 300 617 343 μοι
646 274 770 332 αὖτις
799 275 975 336 ἄναχθ’
1012 275 1286 334 ἑκατηβόλον
1318 275 1463 337 ᾀδέτω
1493 276 1524 321 a‘
1557 275 1690 338 φρήν.

280 360 571 413 'Frequentem
610 360 653 399 in
695 355 839 399 Nomis
879 353 1014 395 fuisse
1049 366 1172 395 usum
1212 354 1471 405 hexametri,
1516 355 1695 396 maxime
1733 355 1779 398 in

284 433 536 487 prooemiis,
568 432 692 471 docet
723 426 940 468 Timothei
969 426 1127 468 Milesii
1163 426 1378 468 exordium
1410 425 1635 469 Persarum
1665 426 1778 482 apud

290 502 561 543 Plutarchum
592 501 759 553 Philop.
793 511 829 538 c.
868 497 942 538 XI.

397 569 590 613 Κλιινόν
618 563 880 622 ἐλευθερίας
910 561 1046 622 τεὺχω
1074 566 1217 623 μέγαν
1242 562 1432 609 Ἐλλάδι
1459 562 1647 623 κοσμόν.

281 645 416 688 Porro
448 633 573 691 αἷτις
603 642 715 696 quod
744 653 821 694 pro
853 634 993 679 αὐτὸν
1022 641 1193 693 reposui
1233 641 1327 693 ipse
1358 642 1507 683 Suidas
1543 643 1573 683 l.
1603 642 1632 683 l.
1673 653 1774 684 con-

279 718 442 758 firmat:
485 708 912 769 Ἀμτμανακτίζεινε
973 706 1049 750 διὰ
1095 706 1148 750 τὸ
1203 703 1319 750 οὕτω
1373 706 1773 768 προοιμιάζεσθαι.

282 783 585 842 Τέρπανδρος·
617 779 776 839 'quu'
815 796 894 838 μοι
925 771 1053 830 αὖτις
1086 776 1280 822 ἄνακτα·
1320 781 1398 822 καὶ
1433 777 1772 839 Ἀριστοφάνης

273 855 322 898 ἐν
350 855 599 912 Νεφέλαις·
626 850 781 911 Ἀμφὶ
809 868 884 909 μοι
916 842 1022 894 αὖτε
1059 851 1200 906 Φοῖβε
1229 848 1343 905 ἄναξ
1376 849 1521 904 Δήλιε.
1565 855 1629 896 lta
1657 857 1769 898 enim

277 930 511 971 rectissime
542 929 747 969 Kusterus
779 928 959 968 correxit
990 926 1149 967 editum
1178 920 1477 981 Περίανδρος.
1545 926 1663 969 Idem
1691 940 1768 970 vo-

270 999 351 1042 luit
379 1000 584 1055 Bergkius
614 1014 654 1053 p.
683 1000 755 1041 71.
825 1001 944 1053 Quae
987 999 1126 1038 statim
1164 1002 1398 1051 sequuntur
1437 998 1550 1051 apud
1579 999 1767 1052 Suidam,

268 1065 623 1126 ῗΑμφιάνακτας
655 1065 805 1123 ἔλεγον
844 1067 920 1109 καὶ
950 1064 1053 1116 τοὺς
1092 1064 1539 1124 διθυραμβοποιούς·
1576 1067 1766 1125 συνεχῶς

267 1140 355 1198 γὰρ
384 1141 539 1183 ἐκεῖνοι
567 1137 709 1198 ταύτῃ
739 1138 928 1197 ἐχρῶντο
957 1137 1012 1197 τῇ
1043 1138 1175 1191 λέξει,
1216 1155 1265 1181 ea
1303 1141 1485 1182 fortasse
1516 1145 1559 1181 et
1589 1142 1682 1196 ipsa
1710 1142 1786 1187 a&

270 1217 486 1258 Cratinum
516 1215 741 1255 referenda
773 1217 881 1254 sunt.
944 1213 1182 1265 Terpandri
1208 1213 1389 1253 Nomum
1419 1213 1604 1266 respexit
1635 1215 1774 1256 etiam·

267 1286 520 1340 Hesychius,
560 1279 912 1340 Ἀμφιάνακτας
954 1279 1067 1339 ἀρχὴ
1107 1278 1249 1339 νόμου
1285 1280 1606 1342 κιθαρῳδικοῦ.
1673 1285 1776 1330 Ubl‘

267 1358 535 1401 scribendum
560 1351 715 1414 Ἀμφὶ
744 1351 931 1397 ἄνακτα.
1770 1359 1773 1365 ⁴

968 1496 1043 1539 Vl.

487 1579 695 1638 Ἐπίσχες
725 1578 876 1634 αὐτοῦ,
908 1577 969 1637 μὴ
1001 1578 1114 1637 πέρα
1144 1568 1494 1638 προβῇς’λὸγου.

377 1700 438 1741 lo.
472 1700 775 1741 Alexandrinus
817 1699 869 1738 de
900 1712 985 1739 acc.
1020 1712 1061 1751 p.
1094 1700 1149 1739 29
1180 1696 1260 1738 25:
1301 1692 1394 1737 ἔστι
1432 1692 1534 1738 τινὰ
1574 1697 1752 1749 (adver-

261 1771 350 1824 bia)
381 1770 456 1811 καὶ
482 1767 604 1825 παρὰ
634 1764 881 1818 αἰτιατικῆς
911 1766 1146 1821 γεγονότα,
1191 1760 1290 1807 οἷον
1318 1765 1369 1808 τὸ
1398 1766 1540 1824 πέραν,
1566 1768 1643 1809 καὶ
1673 1767 1752 1815 ηδ’-,-

260 1853 344 1897 ρην
371 1869 427 1877 --
458 1842 533 1882 καὶ
563 1837 653 1881 ἀπὸ
687 1838 882 1890 δοτικῆς·
922 1836 1095 1894 ἐπίσχες
1133 1835 1291 1887 αὐτοῦ,
1331 1836 1395 1894 μὴ
1435 1839 1549 1895 πέρα
1577 1837 1771 1899 πρίηὸζῆςΔ

259 1909 413 1966 λόγου,
461 1911 685 1969 Κρατῖνος
729 1907 983 1965 Εὐμένισιν.
1070 1912 1244 1953 Sublato
1295 1912 1544 1954 scholiastae
1585 1914 1750 1970 Aristof-

257 1987 406 2041 phanis
437 1985 632 2038 (Fragm.
664 1985 718 2026 11.
751 1984 854 2036 ΙΙΙ.)
884 1985 1148 2034 testimonio,
1187 1983 1256 2024 hic
1285 1996 1392 2025 unua
1421 1986 1542 2025 locus
1570 1985 1746 2031 relictus

257 2061 337 2108 est,
366 2059 409 2098 in
441 2071 521 2110 quo
553 2057 710 2098 Cratini
740 2056 997 2097 Eumenides
1029 2061 1431 2107 commemorantur,
1462 2069 1543 2110 quo
1573 2057 1745 2099 nomine

258 2130 331 2182 qui
369 2129 586 2170 Cratinum
631 2128 781 2168 eodem
821 2127 930 2179 quod
962 2127 1195 2180 Aeschylus
1223 2128 1266 2168 in
1297 2128 1546 2180 cognomine
1575 2131 1743 2181 tregue,-

256 2200 325 2241 dia
373 2205 574 2253 sequutus
626 2204 690 2240 est
738 2200 913 2240 consilio
969 2199 1154 2239 fabulam
1204 2199 1422 2252 scripsisse
1468 2203 1612 2240 censet
1657 2198 1742 2243 Th.

251 2271 459 2325 Bergkius
490 2273 724 2313 Comment.
753 2284 795 2324 p.
827 2272 895 2321 68,
925 2271 1197 2311 vehementer
1227 2283 1378 2310 vereor
1406 2283 1461 2310 ne
1491 2270 1741 2312 sententiam

252 2355 370 2385 suam
399 2344 540 2396 paucis
570 2344 820 2397 probaturus
861 2343 928 2383 sit.
995 2342 1105 2382 Mihi
1136 2342 1323 2394 quidem,
1358 2342 1740 2401 quamquamolim

252 2414 444 2467 (quaest.
474 2427 587 2456 scen.
619 2415 638 2454 1
667 2428 708 2467 p.
740 2415 815 2466 21)
847 2415 1094 2454 contrariam
1127 2414 1375 2454 sententiam
1403 2417 1595 2466 sequuto,
1626 2425 1738 2456 nunc

250 2498 299 2526 re
329 2486 551 2538 diligenter
581 2499 786 2539 perpensa
814 2499 896 2526 non
935 2484 1208 2525 dubitandum
1247 2485 1432 2534 videtur,
1471 2485 1571 2537 quin
1610 2485 1736 2528 etiam

252 2555 429 2598 loannes
466 2557 583 2598 Alex.
619 2557 839 2606 Eunidas‚
880 2570 964 2597 non
998 2556 1261 2597 Eumenidas
1299 2556 1458 2610 Cratini
1499 2556 1552 2596 ad
1590 2560 1734 2609 partes

250 2627 472 2668 vocaverit.
539 2628 693 2671 Parum
733 2629 943 2682 cognitum
982 2629 1161 2670 librariis
1191 2628 1451 2670 Eunidarum
1481 2637 1634 2670 nomen
1664 2639 1732 2670 er-

247 2710 389 2740 rorem
418 2700 576 2753 genuit.

852 2813 1120 2824 *-
