1786 3210
713 129 968 175 ΣΑΜΙΟΙ.
1494 133 1580 176 245
1596 124 1599 125 ⁷

88 249 171 290 tius
203 248 377 306 Observ‚
407 251 633 301 inpAthen.
665 262 707 303 p.
738 248 824 289 450
853 247 1041 288 tentabat
1069 243 1256 296 ποντίας
1280 242 1494 300 χελώνης,
1530 251 1580 289 ut

87 320 318 361 eburneum
347 322 569 363 testudinis
600 313 892 362 salsamentum
923 319 1196 373 intelligatur.
1258 319 1374 360 Idem
1399 319 1578 360 coniecit

87 391 304 433 Dobraeus
335 393 440 434 Adv.
472 393 512 434 11
542 407 583 446 p.
600 392 699 442 303,
740 404 907 433 sensum
939 391 1019 432 loci
1049 391 1162 447 hunno
1193 404 1286 431 esse
1315 394 1488 443 putans:
1528 391 1576 431 in

88 462 174 504 olla
206 466 422 515 coriaceu,
460 464 486 506 i.
521 478 558 504 e.
596 465 636 504 in
677 463 900 504 testudinis
938 467 1062 513 testa,
1108 463 1437 517 elephantinum,
1475 462 1504 502 i.
1535 474 1573 502 e.

87 536 310 576 maximum
331 537 544 590 frustrum
574 536 805 576 testudinis
835 537 1031 575 marinae
1061 535 1267 589 coquebat
1296 533 1437 575 nescio
1468 531 1592 585 quis.-

88 608 182 660 Quo
213 620 295 648 non
326 607 470 648 multo'
490 607 642 648 clarior
665 608 714 647 fit
744 607 1024 647 obscurissimi
1054 606 1297 660 aenigmatis
1314 605 1375 646 vis
1407 607 1450 645 et
1478 617 1574 645 sen-

88 679 231 719 tentia.
279 703 332 712 -—
375 679 449 722 Vs.
480 679 508 718 3
537 674 683 728 πόδην
710 673 809 731 ἐμοί
839 690 899 718 τε.
959 677 1046 719 Sed
1075 682 1190 718 recte
1221 677 1379 718 habere
1410 667 1576 716 videtur

88 749 229 799 dorica
258 750 408 791 forma.
467 750 551 791 Pro
583 762 649 800 τε,
692 764 746 791 ne
774 750 865 790 hiet
895 749 1055 800 oratio,
1092 749 1270 791 fortasse
1308 747 1575 790 scribendum

88 818 150 864 δέ.
207 822 273 864 Ad
314 835 363 863 ea
394 833 500 874 quae
530 826 783 874 sequuntur,
823 814 1086 874 τανύπτεροι
1115 816 1261 871 λύκοι,
1300 819 1447 860 confer
1476 818 1575 859 Dio-

87 906 184 947 gen.
216 893 277 935 Vl
306 893 347 933 4.
386 886 538 932 Λύκου
567 887 725 947 πτέράε
762 888 836 947 ἐπὶ
864 888 953 931 τῶν
981 877 1227 933 ἇδυνάτων.
1286 887 1378 939 πῶς
1406 886 1490 946 γὰρ
1519 882 1576 929 ἂν

86 958 253 1014 πτηνὸς
280 960 450 1016 γένοιτο
481 957 636 1015 λύκοςς
676 964 754 1005 cfr.
786 963 988 1005 Proverb.
1018 964 1140 1005 Bodl.
1171 964 1270 1004 590.
1330 988 1387 996 —-
1443 962 1516 1005 Vs.
1546 961 1575 1002 4
1634 957 1636 961 ’

86 1031 381 1090 ὑσορυμαχεῖν
410 1036 458 1076 Β.
490 1023 626 1075 οὗνου
655 1049 731 1089 pro
762 1029 957 1089 οὐρανοῦ
985 1035 1032 1076 Ρ.
1063 1061 1120 1068 —
1143 1034 1254 1078 Vs.5
1285 1038 1381 1075 ante
1395 1033 1574 1074 Dindor-

86 1109 189 1149 fium
213 1100 317 1161 ἄγχε
341 1104 498 1149 κεῖνον.
531 1107 689 1149 Ibidem
706 1108 831 1161 vulgo
855 1103 1015 1159 ἑγκαιῶ
1030 1119 1109 1155 τις.
1141 1101 1430 1161 Αέγκαιιῦτις.
1469 1105 1574 1146 Gor-

86 1180 196 1221 rexit
223 1178 437 1220 Porsonus
467 1179 685 1233 Hesychio
717 1191 830 1229 usus,
866 1173 959 1218 Ἐν
991 1177 1107 1235 Κέῳ
1138 1174 1222 1227 τίς
1250 1173 1455 1232 ἡμέρας
1500 1172 1574 1215 ἐπὶ

87 1249 177 1291 τῶν
206 1245 285 1291 οὐκ
312 1244 584 1303 εὐγνώστων.
623 1245 769 1298 οὐδεὶς
795 1246 880 1304 γὰρ
910 1238 1032 1291 οἶδεν
1063 1247 1110 1290 ἐν
1135 1248 1234 1306 Κέῳ
1263 1245 1330 1296 τίς
1358 1243 1385 1298 ἦ
1416 1243 1574 1304 ἡμέρα,

87 1315 158 1365 ὅτι
188 1318 268 1377 οὐχ
297 1317 478 1363 ἑστᾶσιν
507 1319 558 1362 αἱ
586 1316 760 1377 ἡμέραι,
790 1316 892 1361 ἀλλ’
922 1318 982 1371 ὠς
1005 1320 1181 1363 ἕκαστοι
1197 1319 1414 1361 θέλουσιν
1440 1315 1574 1374 ἄγου-

89 1406 177 1438 σιν.
236 1395 396 1449 Quibus
427 1395 578 1436 similia
606 1395 828 1435 traduntur
856 1395 899 1435 in
930 1394 1130 1435 Proverb.
1162 1394 1282 1435 Bodl.
1316 1392 1414 1434 365.
1473 1392 1573 1434 Fuit

88 1467 216 1522 igitur
243 1465 516 1520 proverbialis
548 1465 672 1506 dictio
703 1465 756 1506 de
785 1466 912 1506 rebus
953 1465 1006 1506 ad
1035 1465 1357 1519 intelligendum
1388 1463 1571 1504 difficiu-

87 1540 182 1582 bus.
238 1537 403 1579 Eodem
442 1537 763 1591 epiphonemate
801 1537 924 1578 etiam
962 1537 1062 1579 alias
1101 1537 1284 1579 Graecos
1319 1536 1363 1578 in
1399 1534 1572 1590 gripho·

89 1622 183 1653 rum
212 1608 398 1651 clausula
427 1622 526 1651 usos
557 1622 650 1651 esse
678 1609 895 1663 probabile
924 1613 1003 1650 est.

798 1792 852 1834 ll.

253 1874 403 1938 Ἵππῳ
431 1876 698 1938 γηράσκοντι
725 1879 782 1922 τὰ
809 1880 967 1938 μείονα
996 1879 1118 1933 κύκ,λ’
1151 1878 1375 1937 ἐπίβαλλε.

206 2019 418 2061 Zenobius
447 2019 571 2061 Prov.
603 2020 661 2062 lV
698 2021 779 2061 41:
812 2012 962 2077 Ἵππῳ
1005 2016 1272 2076 γηράσκοντι
1316 2018 1373 2062 τὰ
1415 2015 1573 2075 μείονα

92 2085 215 2132 κύκλ·
245 2085 480 2144 ἐπίβαλλεε
522 2085 686 2141 ταύτης
722 2089 944 2146 μέμνηται
983 2087 1165 2148 Κράτης
1201 2088 1225 2133 ὁ
1264 2089 1453 2148 κωμικὸς
1480 2089 1573 2132 Σα-

93 2159 227 2217 μίοις.
283 2157 490 2202 τάττεται
533 2160 579 2202 δὲ
608 2160 681 2203 ἐπὶ
710 2161 799 2203 τῶν
825 2160 900 2204 διὰ
930 2161 1067 2219 γῆρας
1095 2160 1326 2221 ῥᾳστώνης
1356 2163 1575 2219 δεομένων

94 2233 171 2275 καὶ
200 2228 476 2283 ἀναπαύλης.
535 2231 726 2287 Εἴρηται
755 2233 802 2275 δὲ
832 2229 922 2276 ἀπὸ
952 2234 1278 2291 στρατιωτικῶν
1305 2231 1479 2287 ἵππων,
1509 2225 1576 2283 οἷς

94 2300 394 2360 γηράσκουσιν
420 2302 666 2358 ἐπέβαλλον
697 2303 746 2346 τὸ
776 2301 1049 2360 καλούμενον
1077 2305 1364 2362 τρυσίππιον·
1404 2303 1499 2347 ἔστι
1529 2304 1575 2346 δὲ
1618 2332 1622 2338 1

96 2374 226 2417 τοῦτο
279 2371 489 2431 σιδηροῦς
541 2371 767 2430 τροχὶσκος
812 2404 867 2410 --
909 2372 962 2418 ὂν
1003 2376 1289 2433 έκπυροῦντες
1330 2376 1577 2432 ἐπέβαλλον

96 2447 192 2496 ταῖς
223 2441 404 2500 σιαγόσι
434 2445 519 2486 τῶν
548 2440 713 2490 ἰ’ππων.
779 2450 968 2491 Eandem
999 2453 1252 2504 paroemiam
1284 2455 1450 2505 praeter
1478 2450 1574 2491 Sui-

98 2521 191 2562 dam
227 2520 383 2561 habent
413 2520 638 2560 Proverbia
669 2521 789 2562 Bodl.
819 2522 904 2562 508
942 2526 985 2563 et
1016 2524 1192 2578 Diogen.
1222 2525 1260 2567 V
1291 2525 1359 2565 27.
1427 2522 1575 2564 Latine

48 2579 52 2584 ¹
101 2591 171 2644 qui
200 2592 403 2646 expressit
432 2591 603 2633 Grotius
635 2592 854 2647 Excerptis
872 2607 913 2648 p.
927 2594 1036 2634 508:
1057 2596 1206 2648 fessae
1235 2595 1396 2637 aetatis
1426 2607 1576 2648 equum

100 2662 253 2714 spatiis
283 2661 540 2706 brevioribus
570 2677 695 2719 urge,
735 2659 871 2705 κύκλα
909 2665 962 2706 de
1000 2666 1194 2708 curriculi
1232 2667 1375 2722 spatiis
1410 2666 1576 2708 videtur

103 2731 370 2775 intellexisse.
