1786 3210
200 176 286 218 394
794 175 874 216 1113:
882 173 1086 215 RMIPPI

203 288 283 330 καὶ
303 281 560 345 ’Ἕρμιππος
590 285 637 328 ἕν
667 286 883 343 Κέρκωψι
916 282 1114 345 Χρυσίδ’
1154 284 1279 327 οἴνου
1308 286 1396 328 κτλ.
1459 288 1694 341 [Ιανσὲλη-
1766 293 1776 323 e

202 373 281 402 νον
331 357 525 415 χρυσίδα
571 362 623 402 de
660 362 785 415 pleno
826 362 978 415 poculo
1027 359 1451 413 Schweighaeuserus
1498 363 1694 416 inteiligit
1772 367 1777 410 ζ

201 447 294 475 cum
327 435 490 488 Toupio
532 433 708 475 Emend.
742 433 802 472 111
835 448 873 486 p,
904 434 1003 473 572.
1072 431 1285 484 Interpres
1327 433 1525 484 gallicus:
1563 435 1693 475 rende

201 519 358 547 comme
387 505 430 547 la
453 505 602 560 pleine
633 503 743 554 lune,
776 502 889 555 quod
919 514 1064 543 verum
1095 508 1211 555 puto.

912 615 988 656 ΙΙΙ.

473 698 608 752 ”Ηδη
639 699 861 742 τεθέασαι
889 694 1050 741 κόκκον
1079 697 1125 740 ἐν
1151 695 1270 754 χιόνι
1298 696 1428 759 ρόας;

318 796 563 838 Athenaeus
580 794 679 836 X1V
705 807 746 847 p.
766 793 849 834 650
872 808 918 835 e:
948 792 1024 834 καὶ
1053 790 1099 833 ἐν
1127 789 1362 851 ’Λναγύρῳ
1394 790 1539 846 ,,πλήν
1568 789 1696 835 ἀλεύ-

207 881 289 923 ρου
317 866 394 908 καὶ
425 861 572 922 ῥόας.”
610 857 872 921 εἝρμιππος
901 860 952 904 δ’
982 862 1030 905 ἐν
1061 862 1273 921 Κέρκωψί
1303 879 1443 921 φησιν
1464 861 1597 916 ”Ηδη
1627 878 1694 905 τε·

200 936 494 980 θέασαικτλ.

915 1006 988 1049 IV.

312 1095 555 1138 Athenaeus
586 1093 646 1135 111
678 1108 719 1148 p.
751 1095 834 1135 123
850 1093 892 1135 f:
934 1087 1140 1146 ὀνομάζει
1179 1090 1225 1133 δὲ
1266 1091 1341 1134 καὶ
1363 1084 1619 1149 “Ἐρμιππος
1649 1089 1695 1133 ἕν

203 1164 418 1223 Κέρκωψι
449 1163 791 1221 φρεατιαῖον
820 1157 939 1221 ὕδωρ
969 1157 1120 1214 οὕτως.

929 1258 980 1301 V.

310 1343 591 1388 Antiatticista
620 1356 663 1397 p.
694 1343 751 1384 88
780 1344 850 1385 29.
889 1340 1200 1397 διαλέγεινε
1240 1337 1342 1382 ἆντὶ
1378 1338 1458 1382 τοῦ
1497 1339 1694 1395 διαλέγε-

199 1415 334 1460 σθαι.
384 1407 645 1471 (Ἕρμιππος
675 1412 931 1470 Κέρκωψιν.

917 1517 991 1561 Vl.

315 1604 579 1659 Hesychius,
625 1598 1261 1658 Κολακοφοροκλείόηςε
1301 1595 1602 1656 Ἰεροκλείδης,
1642 1593 1693 1639 ὃν

200 1675 274 1719 ἐπὶ
303 1673 499 1732 πονηρία
529 1673 813 1731 κωμῳδοῦσιν
842 1667 1100 1730 (Ἕρμιππος
1130 1673 1212 1725 μὲν
1241 1669 1288 1711 ἐν
1314 1670 1538 1727 Κέρκωψι,
1572 1665 1694 1725 Φρύ-

199 1761 319 1804 νιχος
361 1745 409 1788 δὲ
445 1745 496 1794 ,ἐν
535 1745 822 1801 Κωμασταῖς.
889 1742 913 1787 ὁ
955 1743 1001 1785 δὲ
1043 1738 1382 1794 Ἀσκληπιάδης
1425 1739 1694 1797 Κλεώνυμον

199 1810 315 1863 εἶναι
345 1815 587 1872 ὑπέλαβεν,
626 1814 757 1873 οὐδέν
794 1815 846 1858 τὸ
878 1815 1041 1858 τέλειον
1071 1814 1150 1856 τοῦ
1179 1812 1397 1869 ὀνόματος
1437 1810 1693 1865 ἐπιστήσας.

202 1893 424 1946 Cleonymi
455 1905 606 1933 nomen
639 1891 824 1946 quamvis
855 1891 904 1931 ab
936 1888 1215 1942 Aristophane
1247 1888 1374 1941 Vesp.
1405 1886 1490 1927 599
1528 1887 1570 1928 in
1601 1885 1694 1926 Ko-
1775 1927 1778 1929 Α

200 1958 464 2016 λακώνυμον
495 1964 719 2013 detortum,
751 1976 834 2003 non
865 1967 1003 2002 tamen
1035 1959 1260 2001 verisimile
1290 1963 1354 1999 est
1383 1959 1516 1999 latere
1545 1959 1588 1999 in
1617 1959 1691 2000 illo

201 2030 691 2090 Κολακοφοροκλείδης.
767 2034 815 2074 Id
853 2035 904 2074 ab
947 2032 1039 2073 aliis
1076 2025 1550 2084 Κορακοφοροκλεὶδης
1589 2030 1692 2071 scri-

200 2112 321 2164 ptum
351 2120 446 2148 esse
475 2107 588 2146 idem
619 2106 742 2146 docet
773 2103 1028 2157 Hesychius,
1058 2095 1691 2156 Κορακοφοροκλείδηςε

205 2175 302 2221 ἔστι
342 2174 428 2234 γὰρ
461 2172 763 2231 Ἰεροκλείδης.
844 2176 949 2216 E'am
987 2174 1211 2214 lectionem
1248 2171 1435 2225 praefert
1474 2173 1691 2213 Dobraeus

202 2253 255 2293 ad
286 2249 574 2303 Aristophanis
604 2249 714 2290 Nub.
747 2247 844 2287 352.
911 2246 1156 2287 Hieroclem
1196 2244 1312 2284 innui
1353 2244 1598 2293 conficiens,
1637 2242 1692 2283 de

202 2335 284 2376 quo
315 2321 409 2361 vide
442 2320 654 2373 Aristoph.
688 2319 783 2359 Pac.
811 2317 935 2358 1125.
971 2317 1081 2357 1146
1112 2320 1154 2356 et
1184 2316 1354 2356 scholia.
1412 2316 1537 2356 Esset
1565 2314 1692 2368 igitur

202 2394 273 2447 qui
313 2387 497 2446 κόρακος
537 2393 667 2431 instar
706 2391 915 2431 sociorum
953 2382 1119 2444 φόρους
1164 2388 1335 2427 invertit
1372 2390 1414 2426 et
1452 2383 1689 2440 praedatur.

204 2465 266 2506 lta
283 2465 478 2505 Cratinus
494 2464 666 2503 Thress.
687 2463 747 2503 111
767 2457 867 2508 τοὺς
896 2457 979 2514 γὰρ
1009 2455 1202 2514 κόρακας
1232 2454 1310 2508 τάξ
1327 2451 1559 2509 Αἰγύπτου
1583 2469 1690 2512 χρυ-

203 2533 281 2577 σία
312 2532 580 2581 κλέπτοντας
611 2529 819 2581 ἔπαυσεν,
850 2537 891 2572 et
923 2532 1224 2584 Aristophanes
1246 2531 1342 2570 Pac.
1362 2528 1472 2569 1125
1501 2523 1525 2567 ὁ
1554 2524 1689 2580 κόραξ

202 2604 248 2658 ἐξ
284 2603 460 2660 Ὠρεοῦ.
539 2607 724 2647 Alteram
765 2603 986 2643 lectionem
1027 2603 1097 2654 qui
1144 2601 1460 2654 praeferebant,
1509 2599 1687 2638 fortasse

205 2673 691 2731 Κολακοφωροκλείόην
721 2675 978 2722 scribebant,
1023 2685 1104 2725 quo
1137 2673 1302 2713 nomine
1333 2671 1513 2711 hominis
1544 2670 1686 2711 adula-

206 2751 264 2794 tio
295 2752 338 2791 et
367 2748 480 2790 furta
510 2748 858 2801 significarentur.

809 2825 1073 2838 ...—..—-
