1786 3210
700 169 971 217 ΒΑΠΤΑΙ.
1479 176 1564 218 44Ί

502 327 1158 384 BAHTAJ.*)

803 458 834 498 I.

464 537 549 592 ’Ὦς
578 540 721 591 καλῶς
748 543 831 597 μὲν
859 536 1119 597 τυμπανίζει

478 628 553 668 καὶ
583 622 823 683 διαψάλλει
853 622 1092 683 τριγώνοις.

188 742 430 784 Athenaeus
462 744 521 787 lV
551 759 591 798 p.
624 745 708 785 183
726 757 762 785 e.
780 744 822 783 f:
862 735 1129 797 μνημονεύει
1167 737 1214 779 δὲ
1243 736 1324 778 τοῦ
1353 733 1567 795 τριγώνου

74 806 236 852 τούτου
271 813 345 852 καὶ
386 811 621 870 Σοφοκλῆς
669 843 724 848 -
771 810 968 861 Εὔπολις
1005 809 1056 852 δ’
1094 810 1140 851 ἐν
1177 806 1385 858 Βάπταις
1426 805 1567 863 φησίν

69 876 155 931 ι’ος
181 882 326 932 καλαῖς
354 886 435 938 μὲν
464 885 556 928 κτλ.
625 888 688 929 De
719 887 883 928 exoleto
915 884 1215 939 symphoniaco
1244 883 1351 923 haec
1381 883 1463 923 dici
1493 883 1568 923 ob-

74 959 213 996 servat
243 956 478 998 Lobeckius
508 959 716 1012 Aglaoph.
748 972 788 1011 p.
821 958 947 998 1016.
1018 955 1094 996 Cfr
1124 956 1245 996 Hist.-
1267 955 1359 995 crit.
1389 968 1432 1008 p.
1462 953 1562 995 335.

71 1025 156 1066 Pro
186 1020 394 1074 Βάπταις
425 1042 474 1069 ex
497 1031 534 1071 A
565 1034 607 1070 et
633 1031 666 1071 P
697 1034 910 1071 enotatum
940 1025 1170 1075 Βαπταῖς,
1212 1027 1563 1079 quemadmodum

70 1097 224 1150 passim
263 1097 305 1138 in
344 1099 462 1139 libris
499 1101 706 1142 scribitur.
775 1101 826 1143 V.
857 1101 1064 1153 Harpocr.
1095 1111 1137 1151 p.
1170 1098 1253 1138 142
1293 1100 1349 1139 27
1388 1102 1432 1138 et
1469 1097 1562 1138 Rit-

73 1169 281 1212 schelium
311 1170 364 1212 ad
391 1170 544 1212 Thom.
567 1172 628 1214 M.
645 1187 687 1227 p.
704 1172 802 1212 369.
862 1170 1073 1212 Particula
1101 1168 1184 1223 μὲν
1212 1169 1256 1210 in
1288 1170 1321 1210 C
1351 1171 1519 1211 omissa.

791 1296 845 1337 11.

422 1383 492 1427 Σὺ
521 1382 574 1427 δ’
605 1380 746 1441 ὕπαγ’
776 1382 837 1436 εἰς
867 1382 1203 1444 τοῦμπροσθεν.

180 1502 425 1544 Ammonius
462 1516 501 1543 v.
543 1496 729 1554 ὑπάγειν
764 1516 806 1556 p.
840 1503 945 1543 140:
985 1496 1204 1556 ‘Yno'cyav
1240 1501 1423 1556 λέγομεν
1462 1497 1562 1541 α’ντὶ

67 1569 149 1614 τοῦ
188 1569 419 1628 προάγειν,
469 1568 594 1613 τοῦτ’
627 1569 749 1613 ἔστιν
791 1566 852 1621 εἰς
899 1569 1220 1630 τοῦμπροσθεν
1264 1568 1558 1629 πορεύεσθαι.

67 1643 272 1699 κέχρηται
308 1643 363 1703 τῇ
404 1642 515 1696 λέξει
543 1641 740 1693 Εὔπολις
780 1642 826 1684 ἐν
869 1640 1080 1695 Βάπταις
1123 1643 1193 1686 Σὺ
1233 1641 1283 1686 δ’
1317 1638 1459 1699 ὕπαγε
1498 1634 1560 1696 εἷς

74 1711 407 1770 τοῦμπροσθεν.
469 1717 736 1758 Herodianus
768 1717 821 1758 de
851 1717 1006 1772 acyrol.
1038 1719 1149 1772 apud
1180 1720 1368 1760 Boisson.
1401 1702 1560 1761 Anecd'.

70 1787 128 1830 lv
157 1802 200 1842 p.
232 1788 339 1829 265:
386 1785 463 1828 nost
501 1783 695 1836 Εὔπολις
734 1785 780 1828 ἐν
827 1784 1026 1843 Βάκχαις
1063 1791 1175 1844 (leg.
1216 1788 1455 1843 Βάπταις)
1492 1787 1561 1830 Σὺ

69 1852 119 1897 δ’
153 1849 294 1911 ὕπαγ’
326 1853 386 1907 εἰς
417 1854 750 1914 τοῦμπροσθεν.
819 1862 1002 1914 Etymol.
1043 1863 1152 1904 Gud.
1183 1876 1224 1916 p.
1256 1863 1338 1903 541
1369 1863 1447 1903 13:
1488 1860 1558 1902 κε’-

32 1958 35 1961 -
62 1941 226 1984 χρηται
255 1923 370 1987 αὐτῇ
400 1928 454 1988 τῇ
484 1928 595 1981 λέξει
623 1927 834 1980 Εὔπολις,
866 1930 1088 1985 ἑμβατοὺς
1117 1935 1222 1988 (leg.
1254 1932 1301 1974 ἐν
1329 1925 1559 1987 Βάπταις)

66 1997 227 2054 λέγων,
274 1999 331 2042 σὺ
375 1997 428 2041 δ’
459 1998 639 2054 ὑπάγεις
679 2004 798 2057 (sic)
839 1999 901 2052 εἷς
947 2001 997 2044 τὸ
1044 2000 1324 2060 ἔμπροσθεν.
1401 2006 1555 2047 Thom.

67 2071 182 2126 Mag.
211 2087 253 2126 p.
282 2074 366 2114 369
397 2075 449 2114 6:
495 2073 572 2114 καὶ
600 2070 796 2124 Εὔπολις
825 2073 872 2115 ἐν
900 2071 1108 2124 Βάπταις
1137 2073 1206 2116 Σὺ
1237 2072 1286 2116 δ’
1320 2068 1460 2129 ὕπαγ’
1493 2070 1555 2124 εἷς

68 2140 401 2198 τοῦμπροσθεν.
464 2145 623 2187 Eadem
655 2147 853 2201 leguntur
883 2148 994 2201 apud
1011 2148 1322 2189 Bachmannum
1339 2147 1554 2190 Anecd.II

69 2225 112 2266 p.
142 2214 243 2255 875.
293 2216 399 2256 Sunt
427 2217 631 2270 reliquiae
661 2231 807 2259 versus
837 2219 1053 2261 trochaici.
1103 2220 1277 2261 Frustra
1308 2220 1437 2273 igitur
1465 2223 1558 2259 ten-

68 2288 200 2326 tatum
230 2282 288 2326 σὺ
317 2284 344 2325 ὃ
359 2282 370 2297 ’
399 2275 480 2326 οὗν
508 2279 651 2341 ὕπαγ’
680 2283 743 2337 εἰς
774 2284 1109 2344 τοῦμπροσθεν.

769 2404 846 2446 111.

855 2485 1181 2546 Ἀναρίστητος
1205 2483 1272 2528 ὤν

260 2564 419 2612 κούδὲν,
446 2568 689 2628 βεβρωκώς,
718 2571 832 2615 ἀλλὰ
860 2572 945 2632 γὰρ
974 2574 1200 2631 στέφανον
1228 2571 1351 2628 ἔχων.

179 2660 479 2705 Grammaticus
520 2665 699 2708 Bekkeri
742 2667 901 2710 Anecd.
931 2681 973 2722 p.
1004 2667 1088 2708 877
1118 2667 1160 2708 8.
1207 2660 1375 2706 Ἀλλά
1420 2658 1554 2721 γάρτ

154 2799 192 2848 ”)
212 2806 257 2842 V.
281 2806 371 2843 Hint.
395 2810 471 2846 crit.
495 2822 529 2855 p.
552 2793 621 2846 118
646 2823 700 2857 sq.
