1786 3210
231 164 315 205 484
836 163 1140 206 EUPOLIDIS

929 343 1026 385 XII.

457 424 855 482 Ἀμβλυστονῆσαι
880 428 956 468 καὶ
980 426 1174 483 χλοῆσαι
1204 426 1285 479 τήν
1315 423 1459 473 πόλιν.

348 543 530 596 Etymol.
563 543 626 586 M.
650 557 692 596 p.
711 544 795 583 200
827 541 905 582 52:
928 533 1118 596 Ὅμηρος
1154 539 1289 583 Οἰνου
1319 538 1592 598 ἀποβλύζων,
1622 538 1724 585 ἀντὶ

232 612 314 655 τοῦ
357 611 551 667 ἀπειιῶν.
619 610 643 653 ὁ
688 609 849 669 τρόπος
892 608 1233 666 ὁνοματοποιῖᾝα
1298 614 1374 655 καὶ
1418 613 1466 656 ἐν
1510 613 1725 656 συνθέσει

232 682 427 735 Εὔπολις
447 677 581 736 “Apta
612 682 952 737 βλυσθοινῆσαι
991 684 1066 725 καὶ
1092 683 1285 738 χλοῆσαι
1314 685 1396 736 τὴν
1436 681 1581 729 πόλιν.
1657 687 1725 730 Ad

236 759 391 798 Demos
422 758 569 797 rettuli
600 757 682 798 iam
716 758 816 797 olim
848 761 1021 810 propter
1051 758 1236 807 Suidam,
1264 753 1727 811 'Avoestkvovwvfio'mzr

232 825 284 868 τὸ
314 822 584 879 ἀναβλύσαι.
632 822 827 874 ,Εὔπολις
857 823 1037 882 Δήμοις.
1084 824 1232 868 πάντα
1264 825 1319 867 τὰ
1351 826 1537 869 τοιαῦτα
1567 827 1612 870 οἱ
1641 842 1726 870 κω-

182 926 184 929 -
232 899 356 954 μικοὶ
386 897 579 940 ποιοῦσιῑ
596 895 835 949 παίζοντες.
906 902 1028 952 Quod
1066 901 1109 942 in
1141 897 1533 953 ἁναβλυστονῆσαι
1563 904 1726 942 mutan-'-

235 973 335 1013 dnm
367 985 461 1012 esse
493 973 664 1024 quaest.
696 985 809 1012 scen.
842 971 858 1011 1
889 985 931 1025 p.
962 971 1018 1011 50
1047 974 1090 1024 *)
1124 972 1305 1013 indicavi
1345 973 1470 1014 allato
1504 972 1726 1014 Eustathio

236 1045 289 1085 ad
320 1043 368 1083 ΙΙ.
400 1038 434 1098 ρ’
467 1057 508 1096 p.
541 1042 653 1082 1095
680 1043 731 1082 8:
772 1037 853 1081 τοῦ
893 1037 1245 1097 ἀναβεβρυχέναι
1284 1039 1503 1099 λειότερον
1532 1039 1583 1083 τό
1613 1038 1727 1083 ἀνα-

236 1109 408 1167 βλύζειν
436 1109 571 1155 ἐστίν.
620 1108 731 1152 αὐτὸ
764 1110 810 1152 δὲ
840 1112 915 1152 καὶ
953 1108 1319 1166 ἀναβλυσθονεῖν
1355 1102 1547 1168 λέγεται,
1583 1109 1643 1163 ὥς
1678 1111 1728 1154 ἐν

235 1181 451 1243 ῥητορικῷ
487 1176 669 1238 εὕρηται
709 1181 872 1240 λεξικῷ.
939 1184 1023 1225 Sed
1059 1186 1241 1238 genuina
1279 1187 1398 1228 verbi
1426 1187 1632 1239 scriptura
1662 1187 1728 1226 est

240 1252 626 1310 ἀμβλυστονῆσαι,
665 1255 753 1296 sive
793 1257 911 1296 malis
942 1251 1340 1308 ἀμβλυσθονῆσαι.
1399 1258 1451 1300 V.
1481 1257 1592 1298 Hist.
1633 1256 1727 1299 crit.

236 1332 278 1383 p.
310 1316 407 1368 294.
476 1326 542 1368 Ad
567 1323 760 1378 χλοῆσαι
789 1340 840 1367 ex
869 1322 1264 1379 ἁναβλυστονῆσαι
1301 1331 1595 1371 assumendum
1625 1323 1728 1374 ἀνά.

240 1400 401 1442 Eadem
431 1397 614 1451 syntaxis
651 1398 694 1437 in
725 1398 799 1438 illo
829 1398 1068 1451 Sophocleo
1094 1401 1233 1453 Antig.
1264 1400 1363 1441 533.
1401 1400 1478 1441 καὶ
1513 1392 1728 1456 συμμετί-

241 1484 331 1526 σχω
361 1468 437 1510 καὶ
468 1469 587 1525 φέρω
619 1466 696 1518 τῆς
726 1462 888 1521 αἰτίας,
918 1470 990 1510 ubi
1019 1484 1056 1513 v.
1090 1471 1379 1514 Schaeferum.

413 1711 510 1754 Καὶ
537 1707 711 1767 μηκέτ’,
740 1701 860 1765 ὦναξ
892 1708 1123 1763 Μιλτιάδη
1153 1714 1229 1755 καὶ
1258 1713 1502 1772 Περίκλεες,

410 1794 570 1840 ἐάσατ’
601 1794 750 1855 ἄρχειν
778 1796 983 1856 μειράκια
1012 1794 1263 1853 κινούμενα,

412 1884 459 1926 ἐν
489 1885 581 1934 τοῖς
612 1884 799 1940 σφυροῖς
830 1883 1012 1927 ἕλκοντα
1042 1883 1123 1938 τὴν
1153 1884 1439 1944 στρατηγίαν.

359 2000 592 2042 Scholiasta
622 2000 818 2042 Aristidis
856 2002 938 2043 vol.
968 2003 1030 2043 111
1060 2016 1102 2056 p.
1132 2004 1216 2044 672
1253 2002 1377 2044 Dina.
1419 2000 1503 2042 257
1532 2001 1606 2042 Fr.
1640 1994 1728 2040 Εὕ-

243 2070 370 2120 πολις
398 2067 605 2121 ἐποίησεν
633 2066 891 2110 ἀναστάντα
920 2069 999 2112 τὸν
1028 2068 1290 2123 ΖΡΙιλτιάδην
1328 2070 1405 2112 καὶ
1440 2066 1730 2124 Ἀριστείδην

244 2143 319 2185 καὶ
333 2138 523 2183 Σόλωνα
551 2140 627 2201 καὶ
657 2139 888 2196 Περικλέα.
920 2140 967 2182 ἐν
997 2139 1170 2192 τούτοις
1199 2132 1281 2184 οὖν
1309 2138 1443 2184 ἔνεισι
1473 2137 1568 2194 δύο,
1601 2138 1729 2198 φησί,

243 2212 465 2271 Περικλῆς
493 2213 569 2254 καὶ
601 2209 866 2263 Μιλτιάδης.
906 2212 1020 2267 λέγει
1050 2212 1096 2254 δὲ
1126 2210 1321 2263 Εὔπολις
1350 2207 1488 2262 οὕτως
1520 2212 1615 2254 Καὶ
1642 2227 1731 2268 μη-

244 2282 335 2328 κέτ’
363 2275 484 2337 ὦναξ
513 2283 604 2326 κτλ.
665 2285 712 2326 In
742 2274 808 2327 hi‘s
837 2299 915 2340 pro
941 2280 1127 2325 Σόλωνα
1157 2287 1252 2327 libri
1280 2287 1438 2328 habent
1466 2287 1616 2340 partim
1648 2283 1731 2326 Γέ-
1760 2319 1761 2323 ,

244 2356 365 2398 zama
408 2359 560 2412 partim
600 2355 800 2398 Κλέωνα.
880 2357 1105 2398 Elmsleius
1141 2357 1193 2398 ad
1229 2358 1376 2411 Eurip.
1415 2357 1530 2398 Med.
1572 2371 1615 2412 p.
1646 2357 1731 2398 146

246 2430 492 2472 coniiciebat
537 2425 743 2483 Κίμωνα.
832 2429 968 2469 Unice
1010 2433 1171 2469 rectum
1222 2442 1316 2470 esse
1366 2423 1555 2467 Σόλωνα
1606 2427 1731 2468 docui

247 2490 417 2555 quaest.
449 2514 561 2542 scen.
595 2500 612 2540 1
643 2513 683 2553 p.
715 2500 771 2539 49
803 2500 935 2549 (Hist.
968 2500 1058 2540 crit.
1089 2514 1129 2553 p.
1163 2501 1280 2553 126).
1351 2500 1425 2543 vs.
1458 2500 1481 2539 1
1521 2499 1615 2539 libri
1642 2510 1730 2551 μη-

245 2572 336 2613 κέτι
368 2567 483 2623 ἅναξ
520 2572 638 2624 (sic)
677 2574 719 2611 et
754 2566 913 2623 μηκέτ’
954 2566 1066 2620 ἄναξ
1099 2571 1230 2623 (sic).
1298 2569 1490 2612 Correxit
1525 2567 1727 2611 Valcken.

339 2719 369 2762 ‘)
396 2720 589 2764 operarum
622 2729 741 2762 eriere
776 2716 825 2750 ibi
857 2715 909 2750 bis
939 2715 1144 2761 impressum
1179 2719 1232 2751 est
1257 2706 1580 2760 ἅναβλυστανῆσᾶι.
1625 2713 1729 2752 Quod

248 2790 375 2815 moneo
400 2783 544 2825 propter
567 2781 732 2822 Raspium
758 2790 792 2822 p.
819 2777 876 2810 29.
