1786 3210
188 151 276 194 424
764 149 1095 193 PHILONIDIS

911 265 987 305 111.

982 351 1049 395 Τὰ
1080 347 1410 409 καταχύσματα

363 436 568 480 αὐτοῖσιν
597 435 697 491 ὅξος
728 434 807 480 οὐκ
838 436 934 494 ἔχει.

310 527 553 568 Athenaeus
587 527 624 566 11
656 540 696 579 p.
723 527 777 567 67
797 527 844 567 d:
881 521 1134 576 Φιλωνίδης
1173 522 1240 565 Τά
1269 519 1595 579 καταχύσματα
1631 550 1686 558 --

198 592 296 651 ἔχει.
365 598 425 638 Ita
465 597 707 638 Dindorfius
752 597 952 639 distinxit.
1014 598 1151 651 Vulgo
1192 592 1505 652 καταχύσματ’
1544 591 1696 637 αὐτοῖ-

202 680 291 710 σιν.
351 669 413 709 De
442 663 785 722 καταχύσμασιν
815 670 1029 712 annotavit
1061 669 1261 709 nonnulla
1289 669 1505 711 Hanovius
1534 682 1577 723 p.
1600 667 1670 710 15.

907 785 979 827 1V.

1703 17 1706 20 b
1693 0 1703 7 Ἀ

1763 191 1765 193 ,
1700 0 1765 168 4125)AE

317 874 497 915 PhotIus
538 874 640 915 Lex.
681 888 722 929 p.
753 860 947 919 339‘21.
1001 869 1254 927 Ὀξίνηνε
1302 869 1382 914 τὸν
1426 862 1573 925 οἶνον,
1621 868 1701 914 οὐκ
1785 892 1786 901 ¹

204 940 374 998 ὀξίναν.
404 945 480 986 καὶ
503 937 760 999 ’Ἕρμιππος
789 947 866 988 καὶ
901 945 1156 997 Φιλωνίδης
1186 944 1264 987 καὶ
1293 944 1337 987 οἱ
1366 942 1507 987 ἄλλοι.
1549 941 1702 997 ,,’οξί-
1785 943 1786 952 ³

206 1029 290 1058 ναν
332 1018 443 1059 enim
484 1022 597 1058 esset
635 1019 685 1058 ab
727 1013 877 1072 ὀξίνα,
920 1021 1032 1074 quod
1075 1023 1140 1060 est
1182 1019 1412 1060 secundum
1443 1018 1703 1070 Hesychium

206 1085 435 1144 ἐργαλεῖον
474 1101 518 1128 τι
555 1087 832 1144 γεωργικόν.”
891 1093 1107 1133 Hanovius
1138 1104 1180 1144 p.
1214 1091 1282 1131 16.
1349 1090 1444 1130 Hoc
1478 1089 1513 1130 si
1554 1101 1704 1130 cavere

207 1161 411 1202 voluisset
450 1160 650 1211 PhotiuS,
698 1164 924 1205 admonitio
972 1165 1062 1204 eius
1109 1166 1269 1203 tantum
1316 1161 1368 1202 ad
1424 1161 1703 1202 accusativum

212 1236 437 1287 spectaret,
469 1233 581 1285 quod
612 1247 694 1275 non
727 1236 927 1276 credibile
958 1240 1036 1275 est.
1104 1235 1295 1274 Fuerunt
1333 1232 1446 1272 haud
1477 1231 1603 1272 dubie
1633 1231 1705 1284 qui

209 1302 452 1344 huiusmodi
483 1303 709 1356 adiectiva,
750 1312 797 1350 ut
835 1302 983 1357 ὀξίνης
1021 1299 1234 1360 μυρρίνης
1265 1308 1307 1344 et
1344 1303 1513 1353 similia,
1553 1303 1705 1343 doricis

210 1375 360 1416 formis
391 1375 607 1417 efferrent.
668 1378 868 1419 Ceterum
899 1374 1050 1429 ὀξίνην
1081 1366 1204 1416 οἶνον
1234 1376 1337 1416 dixit
1366 1375 1491 1416 etiam
1513 1374 1707 1428 Diphilus

213 1447 325 1502 apud
356 1447 569 1489 Antiattic.
600 1462 641 1502 p.
674 1450 757 1489 110
790 1451 857 1491 17.
926 1449 1037 1490 Illud
1067 1444 1193 1498 ὀξίνα
1232 1448 1283 1488 ab
1314 1447 1506 1488 Hanovio
1536 1447 1707 1489 allatum

216 1532 268 1561 ex
295 1518 527 1574 Hesychio‚
557 1521 717 1563 aeolica
746 1521 883 1563 forma
914 1534 1009 1562 esse
1040 1520 1207 1562 videtur
1236 1531 1313 1573 pro
1344 1513 1485 1569 ἀξίνη.

938 1636 989 1678 V.

333 1719 485 1760 Pollux
516 1720 556 1760 11
594 1720 673 1761 24:
716 1718 970 1771 Φιλωνίδης
1012 1717 1059 1759 δὲ
1096 1716 1172 1760 καὶ
1200 1711 1270 1758 ”52
1315 1711 1578 1769 πώγωνος
1614 1729 1710 1758 πο-

221 1787 489 1846 λυτρίχου
518 1786 619 1845 ἔφη.
667 1794 866 1835 Fortasse
895 1794 976 1834 fuit
1004 1785 1041 1831 ὠ“
1069 1785 1334 1844 πολυτρίχου
1363 1783 1584 1842 πώγωνος.
1622 1790 1712 1831 H·-

222 1863 347 1904 novio
377 1877 418 1917 p.
454 1864 507 1904 16
549 1866 1024 1919 versus-anapaesticus
1057 1876 1151 1904 esse
1181 1862 1372 1914 duaeque
1403 1861 1588 1915 syllabae
1617 1866 1712 1915 post

221 1929 432 1987 πώγωνος
461 1935 727 1978 intercidisse
757 1937 965 1978 videntur.
1006 1936 1145 1978 Verba
1167 1938 1316 1987 poetae
1336 1932 1514 1975 fortasse
1542 1934 1586 1975 in
1616 1946 1713 1975 eum

223 2019 394 2048 sensum
431 2007 675 2060 accipienda
713 2014 833 2058 sunt,
872 2021 954 2061 quo
987 2007 1240 2048 Theocritus
1280 2004 1341 2047 Id.
1373 2006 1411 2047 X
1440 2006 1498 2047 40
1537 2006 1640 2048 dixit
1674 1998 1714 2045 u'a'

222 2089 303 2131 μοι
331 2074 394 2116 τῶ
420 2073 630 2131 πώγωνος
659 2073 711 2118 ὃν
741 2074 934 2125 ἀλιθίως
964 2073 1181 2133 ἀνέφυσα.

943 2193 1015 2235 Vl.

341 2278 491 2320 Pollux
525 2278 563 2319 11
598 2278 703 2319 149:
739 2275 925 2332 χέρνιβα
954 2270 1145 2333 Ὅμηρος
1184 2274 1234 2316 τὸ
1270 2272 1385 2316 κατὰ
1408 2271 1552 2331 χειρὸς
1582 2268 1715 2330 ὕδωρ,

227 2347 303 2390 καὶ
329 2345 647 2404 χερνίψασθαι
676 2347 944 2399 Φιλωνίδης,
972 2348 1046 2389 καὶ
1073 2343 1366 2404 χερνίμματα.
1425 2349 1538 2391 Vere
1568 2349 1717 2402 opinor

227 2422 557 2475 langermannus
581 2417 901 2474 χερνίψασθαι
929 2435 978 2462 ex
1010 2422 1224 2471 Homero,
1258 2416 1549 2474 χερνίμματα·
1574 2425 1714 2460 autem

226 2507 276 2534 ex
299 2492 522 2534 Philonide
553 2492 672 2533 afferi
704 2493 876 2534 monuit.
923 2494 1105 2534 Proinde
1135 2492 1400 2534 scribendum
1432 2492 1611 2542 videtur,
1639 2488 1716 2530 καὶ

220 2560 551 2619 χερνίψασθαι,
607 2560 860 2614 Φιλωνίδης
890 2561 935 2603 δὲ
965 2564 1041 2604 καὶ
1066 2560 1430 2619 χερνίμματα.

920 2687 1014 2730 vn.

335 2771 484 2815 Pollux
519 2771 578 2812 111
612 2773 720 2814 101:
767 2768 1019 2822 Φιλωνίδης
1059 2769 1105 2812 δὲ
1147 2768 1224 2812 τὸν
1262 2767 1549 2826 ἑπιχαίροντα
1592 2767 1716 2812 ἐπί·
1784 2795 1786 2798 <
