1786 3210
223 160 309 206 458
815 159 1120 203 EUPOLIDIS

337 276 523 318 Galenus
552 274 607 317 (le
637 273 827 329 dignosc.
858 274 998 317 effect.
1029 275 1056 316 7
1087 275 1169 316 vol.
1192 274 1254 319 vl
1285 273 1622 330 Chart..p.530=
1652 270 1708 314 td·

221 347 305 404 μὲν
344 345 579 402 θυμοῦται
616 343 825 401 σφοδρῶς
868 344 943 387 ἐπὶ
989 344 1076 386 τῶν
1125 340 1432 400 σμικροτάτων
1467 371 1524 379 --
1559 341 1618 386 τὰ
1655 341 1706 384 δ’

221 415 346 461 ἔστιν
372 415 610 470 ἀνεξίκακα
637 416 714 458 καὶ
744 414 890 474 πρᾷα,
925 411 1037 471 μήτ’
1068 411 1327 473 ὀργιζόμενοι
1356 411 1466 471 μήτε
1495 412 1707 457 κλαίοντα

219 491 326 547 πρὶν
354 484 636 540 ἆδικηθῆναί
664 501 708 528 τι
735 486 864 542 μέγα.
925 486 1068 529 ταῦτα
1097 488 1174 530 καὶ
1204 485 1229 530 ὁ
1259 483 1454 536 Εὔπολις
1481 481 1706 542 ἐρωτώμε-

217 574 298 603 νον
333 557 620 617 Ἀριστείδην
659 556 739 600 τὸν
777 555 952 599 δίκαιον
990 555 1076 600 ὑπὸ
1104 558 1184 601 τοῦ
1213 555 1375 612 Νικία,
1413 554 1446 599 ὠ
1459 573 1480 607 ς
1517 556 1706 611 ἐγένου

219 631 462 682 δίκαιος,
498 623 614 672 οὕτω
651 627 874 686 εὐπρεπῶς
903 625 1256 686 ἀποκρινόμενον
1293 628 1500 682 ἐποίησεν
1539 624 1567 680 ἦ
1607 628 1705 683 μὲν

216 699 384 761 φύσις
428 700 490 744 τὸ
528 701 819 757 μέγιστον,
861 698 1061 743 ἔπειτα
1104 700 1159 743 δὲ
1202 699 1345 755 κάγώ
1388 700 1488 754 τὴν
1530 696 1704 757 φύσιν

215 770 524 831 προθύμως
553 769 1007 827 συνελάμβανον.
1059 775 1234 817 Correxi
1263 775 1372 817 haec
1399 778 1600 828 utsupra
1630 774 1702 815 ad-

215 847 377 901 scripsi.
408 847 492 888 Pro
523 841 618 887 ἕστ’
646 846 784 901 possis
815 846 942 887 etium
972 834 1041 896 ἦν.
1082 847 1192 898 Quin
1222 851 1340 889 recte
1367 847 1506 889 locum
1535 845 1588 888 ad
1618 845 1702 888 Dc-

212 931 305 961 mos
335 919 620 961 transtulerim
650 931 774 961 nemo
805 918 1023 960 dubitabit.

942 1033 994 1077 V.

419 1109 484 1157 “O
513 1129 556 1158 τι
585 1129 667 1172 περ
694 1112 940 1172 κεφάλαιον
969 1115 1058 1158 τῶν
1086 1114 1293 1159 κάτωθεν
1321 1112 1496 1170 ἤγαγες.

321 1210 575 1253 Plutarchus
610 1211 663 1254 V.
705 1210 879 1252 Periclis
919 1225 1009 1264 cap.
1040 1212 1090 1251 3:
1139 1205 1163 1250 ὁ
1201 1204 1254 1249 δ’
1286 1204 1482 1257 Εὔπολις
1517 1206 1566 1249 ἐν
1605 1211 1696 1260 τοῖς

210 1277 376 1337 Δήμοις
406 1284 448 1336 *)
485 1275 834 1336 πυνθανόμενος
871 1280 972 1336 περὶ
1009 1276 1194 1321 ἑκάστου
1231 1278 1319 1321 τῶν
1351 1267 1698 1335 ἀναβεβηκότων

207 1353 253 1407 ἐξ
271 1347 442 1396 ςἈιδου
471 1351 763 1408 δημαγωγῶν,
790 1348 850 1402 ὠς
880 1349 904 1394 ὁ
935 1350 1155 1408 Περικλῆς
1181 1347 1418 1407 ω’νόμαστο
1447 1351 1696 1402 τελευταῖος

196 1419 262 1467 “O
290 1439 334 1467 τι
363 1439 444 1481 περ
473 1421 719 1481 κεφάλαιον
748 1423 834 1466 κτλ.
880 1426 1016 1467 Recte
1046 1426 1218 1476 Goraes,
1245 1420 1424 1478 γελοίως
1454 1424 1696 1468 πέπαικται
1720 1456 1726 1460 .
1785 1454 1786 1483 }

205 1495 315 1555 πρὸς
350 1493 402 1538 τὸ
435 1494 632 1550 μέγεθος
669 1495 747 1548 τῆς
782 1494 978 1551 κεφαλῆς
1007 1493 1087 1536 τοῦ
1115 1494 1391 1551 Περικλέους.
1460 1498 1518 1544 Et
1552 1492 1694 1550 κεφά-

203 1568 335 1612 λαιον
361 1569 472 1610 inter
500 1567 695 1623 κεφαλῆς
725 1565 973 1623 παρώνυμα
1004 1569 1321 1609 commemorari
1351 1582 1374 1609 a
1391 1567 1565 1609 Polluce
1582 1568 1691 1611 1142

204 1641 420 1684 annotavit
452 1641 717 1683 Sintenisius.
779 1640 1006 1683 Formulae
1035 1630 1065 1679 ὅ
1091 1651 1135 1678 τι
1166 1652 1246 1694 περ
1275 1634 1519 1693 κεφάλαιον
1549 1654 1690 1682 exem-

201 1715 272 1770 pla
300 1712 494 1768 apposuit
523 1712 779 1754 Schaeferus
810 1713 863 1753 ad
893 1713 1063 1766 Dionys.
1094 1711 1192 1752 Hal.
1223 1712 1371 1764 Comp.
1401 1712 1516 1752 verb.
1534 1726 1572 1767 p.
1595 1711 1690 1755 145.

192 1781 388 1839 ’Ήγαγες
425 1786 694 1826 Her-mannus
733 1786 865 1838 Opus.
895 1784 933 1827 V
963 1797 1004 1838 p.
1035 1784 1120 1824 292
1161 1783 1214 1823 ad
1253 1783 1512 1823 Mercurium
1542 1779 1689 1838 ψυχό-

201 1869 387 1917 πομπον
425 1857 578 1907 refert,
618 1869 742 1910 quem
782 1856 951 1898 illorum
988 1856 1140 1898 ducum
1172 1855 1328 1897 animas
1359 1869 1410 1897 ex
1437 1854 1584 1898 inferis
1613 1856 1687 1898 ad-

201 1929 369 1973 duxisse
398 1929 616 1983 ingeniose
646 1928 893 1982 suspicatur.

905 2041 978 2083 Vl.

311 2122 565 2183 Κράτιστος
594 2116 724 2174 οὗτος
752 2119 911 2179 ἐγένετ’
944 2118 1203 2179 ἀνθρώπων
1232 2121 1392 2175 λέγειν·

307 2207 442 2255 ὁπότε
471 2211 697 2269 παρέλθοι
726 2209 786 2263 δ’,
813 2204 961 2265 ὥσπερ
991 2205 1168 2264 ἁγαθοὶ
1196 2206 1363 2265 δρομῆς
1414 2228 1417 2230 —

306 2297 354 2342 ἔκ
382 2296 488 2341 δέκα
522 2296 675 2340 ποδῶν
702 2291 796 2357 ᾕρει
825 2296 962 2351 λέγων
991 2293 1094 2347 τοὺς
1124 2291 1327 2354 ῥήτορας.

306 2384 365 2431 Β.
394 2382 533 2441 ταχὺν
562 2384 698 2440 λέγεις
725 2384 821 2440 μέν,
851 2381 959 2440 πρὸς
990 2381 1037 2423 δέ
1067 2377 1113 2435 γ’
1147 2378 1288 2422 αὐτοῦ
1316 2379 1375 2440 τῷ
1408 2380 1526 2439 τάχει

249 2474 278 2518 ὁ
309 2468 457 2514 πειθώ
488 2485 554 2519 τις
586 2468 846 2525 έπεκοὲθιζεν
875 2469 946 2511 ἐπὶ
978 2469 1069 2516 τοῖς
1094 2464 1299 2524 χείλεσιν.

305 2550 444 2607 οὕτως
473 2552 629 2610 ἐκήλει,
658 2556 734 2598 καὶ
760 2552 898 2610 μόνος
928 2553 1015 2596 τῶν
1045 2549 1243 2611 ῥητόρων

304 2639 355 2684 τὸ
385 2642 564 2701 κέντρον
593 2640 863 2697 ἐγκατέλειπε
895 2641 986 2688 τοῖς
1016 2635 1321 2694 ἀκροωμένοις.

193 2742 459 2754 μ-

283 2787 325 2844 f)
349 2788 398 2824 lta
421 2800 466 2824 ex
492 2789 590 2826 codd.
617 2802 707 2826 nunc
732 2790 895 2836 scriptum
920 2793 972 2825 est
996 2800 1059 2835 pro
1086 2788 1224 2831 vulgato
1251 2787 1457 2830 Δημοσίοις.
