1786 3210
520 169 788 212 FABULAE
819 159 1127 212 mmmmm.
1484 154 1571 213 249

803 283 856 326 v.

163 363 311 409 Ἀλλὰ
340 363 499 409 σικύαν
527 363 902 422 ποτιβάλλωσοι,
932 363 1188 419 καναταλὴς
1219 362 1475 423 ἇποσχάσω.

193 473 343 514 Pollux
370 472 427 515 IV
444 472 550 512 183:
580 471 657 512 καὶ
685 468 777 527 μὴν
807 471 884 512 καὶ
913 467 1043 511 σικύα
1075 468 1122 512 ἕν
1150 485 1193 512 τι
1221 469 1309 512 τῶν
1337 469 1574 526 ἐργαλείων

79 543 159 595 (sc.
189 541 278 585 τῶν
308 537 549 597 ἰατρικῶν),
580 539 639 592 ὠς
659 539 840 598 Κράτης
869 538 893 584 ὁ
924 537 1133 597 κωμικός·
1161 538 1308 584 Ἀλλὰ
1336 542 1428 585 κτλ.
1459 545 1572 587 Scri-

77 616 261 658 bendum
292 611 537 668 ποτιβαλαῖ.
574 616 658 657 Pro
688 609 943 666 καναταλής
973 616 1163 657 Kuhnius
1193 610 1276 656 κᾶν
1305 613 1355 657 τὸ
1387 614 1492 675 λῇς,
1523 619 1565 659 εἰ

77 687 129 728 id
150 687 345 728 volueri&
415 688 595 741 Propius
625 702 724 729 vero
755 688 900 729 forsan
929 681 1009 727 καί
1036 683 1088 726 τὺ
1117 685 1196 738 λῆς
1225 683 1484 743 ἀποσχάσω,
1509 702 1569 731 sc.

77 770 160 808 την
174 756 334 814 φλέβα.
368 759 452 800 Sed
476 759 585 800 aliud
595 760 693 813 quid
713 761 830 801 latet.
861 759 923 800 De
937 753 1212 812 ἀποσχάζειν,
1229 762 1337 814 quod
1354 763 1569 816 proprium

81 835 146 871 est
184 831 238 871 de
276 844 409 872 venae
438 831 624 873 sectione
654 832 853 881 verbum,
882 831 978 871 vide
1006 831 1147 872 Foesii
1180 832 1407 874 Oeconom.
1440 834 1571 887 Hipp.

75 916 118 956 p.
149 902 205 943 85
236 907 278 943 et
309 903 565 944 Lobeckium
596 904 648 944 ad
680 903 836 956 Phryn.
867 915 908 955 p.
939 902 1038 943 219.
1105 903 1298 945 Medicos
1328 905 1470 946 dorice
1507 905 1571 946 lo-

77 978 253 1027 quentes
275 975 409 1018 ,etiam
438 975 510 1016 alii
539 978 702 1028 poetae·
720 975 869 1016 comici
899 973 1175 1026 induxerunt,
1207 976 1322 1017 velut
1351 977 1571 1031 Epicrates

82 1045 291 1089 Athenaei
324 1047 364 1088 11
394 1060 437 1101 p.
467 1047 523 1088 59
539 1046 572 1088 f.

774 1131 849 1175 VI.

170 1217 434 1260 -Athenaeus
465 1217 505 1258 11
535 1218 707 1272 p,47e:
738 1211 1126 1271 ἀναγκόσιτον
1155 1217 1340 1275 (εἴρηκε)
1370 1215 1567 1278 Κράτης.

770 1333 865 1376 Vll.

186 1415 368 1458 Lexicon
401 1417 577 1471 Seguer.
608 1431 650 1471 p.
681 1418 767 1459 343
798 1419 878 1459 1οε
929 1411 1306 1474 άδικότροπος
1344 1416 1452 1475 ε’ρεῖς
1490 1419 1568 1462 καὶ

75 1479 236 1528 ἄδικο
243 1483 347 1543 χρή
355 1500 559 1542 ματος,
601 1484 660 1538 ὥς
705 1483 901 1545 Κράτης.
972 1491 1090 1532 Alius
1127 1491 1421 1544 grammaticus
1463 1493 1567 1536 ibid.

73 1570 116 1611 Ρ.
147 1559 233 1600 210
265 1560 333 1600 19.
373 1554 806 1617 Ἀδικοχρημάτουςε
842 1556 944 1610 τοὺς
983 1556 1373 1616 κακοπράγμονας.
1432 1563 1476 1605 οἱ
1517 1563 1566 1607 δὲ

75 1625 178 1678 τοὺς
207 1628 252 1682 ἐξ
280 1626 446 1672 ἀδίκων
474 1631 793 1681 πλουτοῦντας.

748 1719 865 1763 VHL

48 1856 58 1866 .
189 1803 373 1856 Etymol.
404 1804 465 1846 M.
496 1819 538 1859 p.
569 1806 652 1846 299
681 1798 760 1846 30:
805 1799 1071 1858 σημειοῢται
1110 1799 1233 1858 παρὰ
1274 1801 1478 1860 Κράτητι
1515 1802 1568 1848 τὸ

76 1869 360 1929 ἐθελόσυχ
374 1887 485 1927 νος,
513 1871 603 1917 ἀπὸ
633 1872 713 1916 τοῦ
742 1873 909 1916 ἐθέλω·
941 1870 1151 1930 σημαίνει
1181 1872 1228 1916 δὲ
1259 1873 1338 1916 τὸν
1367 1876 1567 1920 θέλοντα

75 1938 316 1998 συχνάζειν.
827 1942 832 1950 ⁸

797 2033 869 2075 IX.

188 2117 374 2171 Etymol.
406 2118 468 2160 Μ.
508 2132 549 2173 p.
580 2119 666 2161 578
707 2121 780 2161 fin.
825 2116 1050 2176 μεμνέῳτο
1090 2146 1145 2154 -
1183 2104 1570 2176 προπαροξύνεται

77 2184 154 2228 καὶ
193 2184 277 2227 σὺν
306 2183 368 2245 τῷ
397 2187 424 2228 ι“
452 2184 685 2245 γράφεται,
742 2185 833 2230 ἀπὸ
873 2188 955 2231 τοῦ
990 2190 1227 2246 μεμνὲοιτο
1267 2187 1451 2244 αὐξήσει
1489 2191 1572 2234 τοῦ

76 2255 101 2298 ὃ
137 2250 199 2305 εἷς
232 2256 268 2298 ὦ
301 2257 539 2317 μεμνέῳτο.
613 2256 824 2316 Ξενοφῶν
861 2260 907 2302 δὲ
946 2263 1129 2318 (Cyrop.
1162 2264 1180 2305 1
1213 2266 1239 2304 6
1270 2265 1326 2315 3)
1363 2262 1567 2322 μεμνῷτο

75 2324 182 2369 ἄνευ
226 2326 307 2370 τοῦ
344 2329 378 2373 ἓ.
451 2327 634 2386 Κράτης
684 2331 731 2372 δὲ
773 2334 1054 2389 μεμ-νοῖτο.
1114 2335 1223 2378 Vide
1270 2337 1568 2379 Buttmannum

75 2399 262 2443 Gramm.
294 2401 369 2442 Gr.
401 2402 418 2443 1
450 2416 492 2457 p.
523 2403 621 2445 429.

190 2571 340 2614 Snidas
373 2573 389 2614 1
427 2587 469 2627 p.
502 2574 609 2615 192:
656 2570 836 2628 ἀνεβίω,
881 2570 1075 2626 ἀνέζησε.
1135 2575 1211 2616 καὶ
1254 2571 1567 2630 ἆνεβιωσά-

79 2651 186 2694 μην
222 2636 324 2683 ἀντὶ
361 2641 441 2685 τοῦ
469 2643 722 2698 ἀναβιῶναι
750 2643 956 2699 ἐποίησα.
1004 2642 1195 2702 Κράτης.
1255 2650 1356 2691 Lex.
1388 2650 1566 2704 Seguer.

80 2724 123 2766 p.
166 2712 249 2755 895
290 2716 368 2757 2⁰:
435 2711 837 2773 ἀνεβιωσάμην
893 2714 995 2760 ἀντὶ
1053 2714 1306 2774 ἀναβιῶναι
1362 2718 1568 2772 ἐποίησα,

82 2780 214 2838 Κρατ
245 2814 256 2825 .
288 2815 299 2826 .
