1786 3210
546 148 813 191 FABULAE
845 148 1152 191 INCERTAE.
1508 154 1594 195 373

215 258 467 302 Plutarchus
508 262 661 303 Pericl.
692 263 769 302 16:
810 259 1294 312 κακοηθῶς“(Ρει·ἱοΗ8
1330 267 1588 319 potentiam)

102 327 493 391 παρεμφαίνουσιν
522 330 566 372 οἱ
595 330 790 385 κωμικοί,
821 329 1198 386 Πεισιστρατίδας
1225 331 1306 385 μὲι)
1336 333 1456 382 νέους
1487 334 1588 385 τοὺς

98 400 199 457 περὶ
228 399 367 443 αὐτὸν
397 400 871 457 ἑταίρους-καλοῦντες,
906 400 1043 443 αὐτὸν
1075 398 1124 442 δ’
1162 397 1392 457 ἀπομόσαι
1420 403 1481 456 μὴ
1513 420 1587 447 τυ-

97 468 335 527 ραννήσειν
363 469 620 524 κελεύοντες,
650 469 709 522 ὥς
738 468 1023 528 ἀσυμμέτρου
1047 470 1155 526 πρὸς
1177 472 1482 528 δημοκρατίαν
1511 478 1587 517 καὶ

98 543 344 599 βαρυτέρας
381 543 480 599 περὶ
518 540 658 585 αὐτὸν
695 541 831 595 οὔσης
867 541 1092 598 ὑπεροχῆς.
1156 540 1179 584 ὁ
1218 544 1264 585 δὲ
1300 544 1586 598 Τηλεκλείδης

98 614 460 671 παραδεδωκέναι
493 615 634 669 φησὶν
662 611 783 672 αὐτῷ
811 617 1009 667 (Pericli)
1041 611 1142 663 τοὺς
1168 610 1458 666 ’Λθηναίους
1487 614 1584 659 Ilo-

94 683 204 727 λεών
234 682 477 743 τεφὸρους
506 686 596 728 κτλ.
657 689 728 730 Vs.
761 689 785 728 1
819 689 1038 741 legebatur
1068 681 1206 734 αὐτάς
1237 700 1280 726 τε
1311 685 1391 734 τᾲς
1421 684 1582 738 πόλεις.

95 759 288 800 Correxit
323 763 420 813 post
459 759 668 812 Bryanum
704 759 899 800 Valcken.
933 759 1060 799 Diatr.
1093 771 1133 810 p.
1166 759 1249 798 222
1269 772 1303 799 c.
1370 762 1430 803 Ac
1461 760 1581 802 deest

93 830 292 871 articulus
331 831 374 870 in
406 830 567 870 duobus
610 829 738 871 codd..
780 830 918 871 Verba
949 824 1026 875 τὰς
1054 828 1135 880 μὲν
1165 826 1256 868 δεῖν
1283 825 1361 877 τὰς
1391 826 1439 869 δ’
1472 826 1582 871 ἀνα-

93 896 212 940 λύειν
242 901 401 941 habent
440 901 623 940 colorem
654 901 972 953 proverbialem.
1031 900 1143 942 Vide.
1171 901 1424 941 Boeckhium
1455 903 1579 943 Gom-

90 975 219 1012 ment.
265 971 319 1012 de
348 971 567 1023 Sophoclis
598 971 737 1024 Antig.
770 972 821 1012 ad
852 984 909 1012 vs.
942 971 1013 1011 40.
1043 966 1279 1010 Ἀναλύειν
1307 973 1578 1025 penultimam

89 1041 201 1094 apud
239 1041 433 1082 Comicos
469 1040 511 1080 in
551 1042 784 1093 anapaestis
822 1042 1035 1094 producit,
1082 1043 1124 1082 iu
1165 1043 1351 1083 iambicis
1388 1045 1577 1085 versibus

89 1111 273 1164 corripit.
319 1136 375 1144 -—
420 1111 492 1153 Vs.
523 1113 550 1151 2
595 1111 837 1152 Erfurdtius
868 1113 1055 1151 tentabat
1085 1107 1140 1150 τά
1172 1109 1218 1150 δὲ
1248 1107 1404 1162 ταύτά,
1436 1115 1575 1154 Sinte-

88 1182 218 1222 nisius
254 1169 334 1220 εἶτ’
379 1175 516 1229 αὐτά,
555 1182 821 1223 Hermannus
858 1177 955 1222 τότε
997 1177 1049 1221 δ’
1090 1178 1230 1232 αὐτά,
1271 1184 1383 1236 quod
1422 1186 1574 1225 ceteris

86 1257 286 1306 praestat.
354 1252 417 1293 De
445 1256 636 1306 tempore
665 1266 747 1306 quo
779 1253 884 1294 haec
919 1254 1133 1306 scripserit
1164 1254 1405 1296 Teleclides
1435 1255 1574 1295 incer-

85 1326 171 1363 tam
217 1323 498 1364 coniecturam
538 1323 797 1376 periclitatus
847 1337 938 1364 sum
977 1325 1088 1367 Hist.
1132 1326 1222 1365 crit.
1266 1339 1308 1378 p.
1339 1326 1408 1366 86.
1483 1326 1574 1367 Nec

86 1398 225 1435 tamen
264 1395 443 1435 certiora
474 1394 649 1447 protulit
678 1395 885 1449 Bergkius
916 1397 1150 1436 Comment.
1181 1410 1222 1449 p.
1254 1396 1352 1436 331.
1425 1396 1573 1442 hatine

85 1465 269 1507 reddidit
296 1465 436 1507 locum
466 1465 638 1507 Grotius
668 1467 888 1520 Excerptis
918 1480 961 1520 p.
990 1467 1099 1507 872:

349 1513 376 1541 ‘
829 1537 1016 1590 Populun
1047 1550 1143 1578 nam
1173 1536 1347 1577 tradidit
1375 1537 1438 1577 ini

139 1606 354 1661 Quidquid
384 1606 549 1648 confert
578 1606 777 1658 Graecia,
815 1613 861 1648 ut
900 1609 1026 1650 urbes
1057 1607 1133 1649 has
1163 1607 1317 1658 solvat,
1357 1614 1398 1648 at
1434 1608 1570 1662 illiget

806 1710 808 1714 .
873 1679 967 1720 illas‘

142 1747 306 1800 Oppida
333 1748 502 1790 structis
532 1748 728 1790 claudere
758 1749 899 1799 muris,
931 1710 1123 1791 esertere
1155 1757 1302 1790 rurn‘us
1333 1749 1518 1799 eosdem,

140 1818 418 1870 Maiestatem,
447 1819 635 1871 foedera,
669 1833 830 1874 pacem,
860 1819 1050 1863 fortunas
1080 1821 1339 1880 divitiasque.

801 1934 852 1975 V.

71 2008 183 2057 “06⁸
201 2011 290 2058 ἀπ’
308 2010 498 2071 Αἰγίνης
527 2012 668 2068 νήσου
682 2018 819 2074 χωρεῖ
844 2016 1062 2070 δοθιῆνος
1092 2015 1201 2073 ἔχων
1231 2013 1280 2057 τὸ
1313 2009 1568 2069 πρόσωπον.

201 2120 472 2162 Herodianus
502 2120 602 2175 περὶ
629 2117 850 2179 μονήρους
876 2119 1028 2174 λέξεως
1056 2136 1097 2176 p.
1114 2123 1169 2163 17
1200 2122 1254 2161 lo
1285 2120 1338 2160 de
1365 2116 1566 2159 vocabulo

81 2186 252 2239 δοθιὴν
284 2192 513 2233 disserenat
567 2190 876 2246 Τηλεκλείδης,
921 2186 1006 2234 ὅδ’
1044 2187 1138 2232 ἀπ’
1180 2189 1226 2230 A
1239 2184 1463 2243 ι’γιύνης
1501 2181 1563 2225 οὐ

77 2259 246 2314 χωρεῖ
288 2258 596 2312 δοθειῆνος
635 2260 775 2317 ἔχων
814 2261 872 2304 τὸ
911 2258 1230 2318 πρόσωπον.
1290 2259 1484 2301 Correxit
1513 2258 1562 2298 L.

79 2331 331 2373 madorfius.
384 2333 542 2374 Locum
573 2333 628 2375 de
656 2335 820 2376 Pericle
845 2334 1163 2389 intelligendum
1191 2332 1323 2373 videri
1353 2328 1564 2371 annotavit

81 2402 206 2444 etiam
236 2402 442 2457 Bergkius
470 2405 704 2448 Commeat.
733 2420 775 2461 p.
805 2405 901 2446 331.
979 2456 983 2458 ,

791 2491 864 2533 Vl.

138 2565 293 2620 Μόνος
332 2568 377 2612 ἐκ
416 2570 610 2628 κεφαλῆς
638 2571 942 2617 ἑνδεκακλίνου
982 2567 1187 2629 θόρυβον
1225 2566 1364 2611 πολὺν
1401 2567 1561 2620 ἐξανα-

873 2657 1024 2701 τέλλει.

198 2746 455 2791 ΡΙιιῑιι-οῐιιιε’
478 2749 575 2794 Per.
607 2751 655 2792 3:
701 2747 989 2800 Τηλεκλείδης
1030 2748 1076 2791 δὲ
1114 2749 1217 2790 ποτὲ
1250 2748 1330 2802 μὲν
1359 2742 1445 2787 ὑπὸ
1477 2743 1560 2785 τῶν
