1786 3210
222 158 308 198 220
846 151 1084 193 CRATINI

222 273 264 310 et
291 270 409 308 recte
439 266 627 323 quidem,
669 266 863 318 quoniam
901 266 960 305 ibi
1003 265 1113 304 inter
1145 268 1370 316 utrumque
1397 264 1612 307 brachium
1640 278 1710 307 ac·
1731 257 1752 310 s.

221 343 365 381 curate
396 325 734 390 distinguendum
766 341 866 376 erat.
937 337 1022 376 lam
1053 337 1178 376 etiam
1209 335 1481 389 intelligitur,
1519 336 1619 389 quid
1655 337 1711 378 eit
1736 359 1749 383 1„

223 410 333 463 quod
352 409 495 462 Lysias
526 412 568 448 et
591 407 827 459 Xenophon
858 406 1028 461 non-de
1058 407 1207 464 tribus,
1238 407 1312 448 sed
1344 407 1396 447 de
1427 406 1590 448 duobus
1619 411 1710 449 tan·
1746 426 1752 470 ᾗ

219 485 309 522 tum
339 481 556 532 longorum
588 489 801 517 murorum
832 476 1013 516 brachiis
1043 477 1295 530 loquuntur,
1338 478 1484 531 Lysias
1513 491 1550 519 c.
1580 480 1708 532 Agor.
1750 501 1752 503 ·

219 551 356 605 p.264
372 551 438 590 ed.
457 549 610 588 Bekk.:
641 540 683 586 εἴ
704 543 1014 600 κατασκαφείη
1040 545 1128 586 τῶν
1146 545 1296 601 τειχῶν
1317 545 1390 587 ἐπὶ
1415 546 1522 588 δέκα
1544 545 1709 590 στάδια
1748 541 1750 544 ’

219 619 434 673 ἑκατέρου,
474 618 708 670 Xenophon
749 621 888 658 autem
927 619 1077 660 iisdem
1114 620 1254 660 verbis
1293 608 1462 662 Hellen.
1496 621 1536 661 11
1572 623 1600 662 2
1636 621 1706 664 15.
1751 643 1760 664 s.

220 693 380 746 Quibus
416 689 521 730 locis
557 702 703 729 vocem
743 684 946 743 ἑκάτερον
985 690 1038 731 de
1068 704 1188 732 muro
1213 692 1432 733 Phalerico
1464 697 1507 733 et
1537 693 1591 735 de
1619 706 1707 735 am-

220 763 353 804 bobus
385 760 537 801 Piraici
568 761 679 801 muri
709 760 887 802 brachiis
916 762 1272 817 interpretandam
1300 768 1417 817 puto.
1448 764 1492 816 *)

921 934 1044 976 CXL.

333 1033 568 1076 Scholiasta
605 1032 659 1073 ad
680 1033 874 1074 (Luciani
904 1035 990 1076 Iov.
1019 1039 1125 1089 trag.
1156 1036 1238 1077 vol.
1272 1036 1312 1077 11
1342 1050 1384 1090 p.
1417 1036 1521 1077 696:
1560 1029 1584 1087 ὁ
1624 1035 1706 1089 μὲν

222 1101 428 1152 Καλλίας
457 1094 599 1154 οὗτος,
625 1098 683 1152 ώς
711 1102 932 1159 Κρατῖνος
953 1102 1235 1163 Ἀρχιλόχοις
1267 1105 1421 1161 ᾳησίν,
1446 1102 1707 1147 Ἰππονίκου

217 1174 310 1225 ύιὸς
352 1164 423 1226 ἦν,
465 1172 546 1215 τὸν
591 1162 736 1228 δῆμον
783 1172 1011 1229 Μελιτεύς,
1053 1173 1113 1228 ὥς
1149 1173 1489 1235 ’Λριστοφάνης
1521 1171 1705 1234 (Ὠραις,

216 1242 428 1294 πλούσιος
456 1246 531 1286 καὶ
561 1244 820 1300 πασχητιῶν
859 1247 936 1287 καὶ
965 1244 1052 1289 ὑπὸ
1082 1246 1323 1303 πορνιδίων
1355 1246 1706 1307 διαᾳορούμενος

216 1318 292 1361 καὶ
319 1313 511 1365 κόλακας
540 1317 727 1373 τρέφων.
778 1313 860 1374 εἰς
891 1317 946 1359 δὲ
977 1318 1325 1375 στιγματίαν
1354 1318 1529 1365 αὐτὸν
1561 1321 1637 1378 Κρ
1653 1334 1706 1363 α-

215 1390 366 1438 τῖνος
403 1387 659 1445 κωμῳδεῖ
690 1384 749 1438 ὥς
788 1387 864 1429 ἕνα
897 1389 984 1431 τῶν
1011 1391 1284 1449 κατάχρεων·
1324 1394 1367 1434 οἱ
1398 1391 1482 1449 γὰρ
1512 1389 1706 1444 δανειζό·
1741 1427 1744 1429 -

215 1474 342 1517 μενοι
372 1457 449 1509 τὰς
478 1458 651 1511 κτήσεις
680 1456 959 1503 ὑπετίθεσαν
997 1464 1074 1504 καὶ
1114 1463 1366 1522 ἐπέγραφον
1394 1461 1533 1515 αὐτὰς
1562 1460 1623 1515 εἰς
1651 1461 1703 1507 τὸ

217 1529 522 1588 γινώσκεσθαι
566 1525 637 1572 ὅτι
680 1527 917 1583 ὑποθῆκαί
960 1528 1084 1577 εἰσιν.
1160 1529 1276 1577 ὅθεν
1305 1531 1397 1578 ’καὶ
1439 1535 1706 1593 Μένανδρος

218 1608 279 1661 (p.
308 1607 413 1658 277)
445 1599 655 1645 ἄστικτον
679 1601 844 1659 χωρίον
873 1599 1028 1646 εἰώθει
1065 1605 1206 1661 λέγειν
1241 1606 1293 1649 τὸ
1323 1605 1702 1652 ἀνεπιδάνειστον.

218 1673 442 1733 Κωμῳδεῖ
473 1673 519 1714 δὲ
566 1670 705 1715 αὐτὸν
737 1675 960 1730 Κρατῖνος
993 1678 1087 1718 καὶ
1122 1675 1187 1729 ὠς
1230 1676 1422 1722 Φώκου
1463 1680 1704 1735 γυναῖκα

216 1742 603 1803 μοιχεύσαντα
644 1746 740 1786 καὶ
776 1743 899 1802 τρία
938 1744 1185 1791 τάλαντα
1224 1748 1397 1792 δόντα
1436 1747 1512 1802 εἷς
1540 1750 1601 1793 τὸ
1629 1749 1701 1807 μὴ

215 1815 508 1874 κριθῆναι.
567 1818 843 1860 Archilochos
872 1821 1079 1872 Cratinus,
1109 1828 1156 1863 ut
1185 1837 1312 1878 supra
1341 1825 1532 1876 vidimus,
1562 1826 1704 1868 docuit

217 1892 384 1945 Olymp.
417 1890 615 1931 LXXXII
646 1891 697 1946 4,
726 1904 807 1943 quo
847 1897 1037 1945 tempore
1076 1896 1253 1936 ΰαΙΙίειε·’
1268 1897 1328 1946 is,
1367 1897 1421 1937 de
1457 1898 1574 1939 cuius
1605 1911 1704 1939 aere

217 1963 351 2009 alieno
383 1966 426 2002 et
455 1961 669 2001 adulteriis
699 1962 922 2004 scholiasta
950 1965 1148 2018 loquitur,
1179 1967 1345 2007 vixdum
1376 1981 1427 2009 ex
1457 1970 1598 2023 pueris
1631 1983 1703 2011 ex-

216 2036 414 2074 cesserat.
475 2033 589 2072 Obiit
628 2033 738 2073 enim
778 2039 873 2086 post
905 2036 1071 2091 Olymp.
1104 2038 1180 2078 CII
1211 2039 1251 2079 2.
1320 2040 1427 2081 Vide
1466 2041 1578 2082 Hist.
1608 2041 1700 2102 crit.

167 2097 172 2105 ⁸
215 2118 258 2158 p.
290 2104 388 2144 134.
456 2104 603 2156 ltaque
642 2108 833 2157 apertum
875 2111 938 2147 est
973 2109 1168 2159 Calliam,
1205 2123 1328 2163 quem
1366 2111 1409 2151 in
1439 2111 1701 2153 Archilochia
1748 2108 1760 2173 j?

214 2181 613 2216 commemoraverat
654 2176 868 2228 Cratinus,
908 2179 1080 2220 Calliam
1120 2194 1211 2222 esse
1251 2182 1477 2234 maiorem,
1513 2183 1700 2225 Cimonis

305 2353 340 2398 ¹⁴)
365 2354 583 2399 Transcripsi
609 2354 694 2389 haec
718 2366 763 2389 ex
788 2358 1077 2392 commentatione
1099 2358 1230 2394 inedita
1250 2360 1319 2403 „de
1342 2358 1565 2394 munimentis
1587 2358 1701 2394 Athe-

212 2415 354 2449 narnm''
384 2419 464 2449 ante
499 2409 571 2449 hos⁵
594 2420 727 2459 septem
760 2427 870 2451 annos
892 2418 928 2451 in
954 2429 1117 2453 consessu
1143 2419 1328 2455 historicae
1351 2421 1470 2455 classis
1494 2421 1600 2455 Acad.
1623 2407 1698 2454 B0-'
1748 2435 1757 2472 ζῇ

212 2486 289 2510 russ
325 2475 484 2518 recitata,
508 2486 574 2519 qna
598 2475 664 2510 hoc
687 2477 836 2510 maxime
862 2489 970 2520 agere
995 2481 1197 2523 studebam,
1222 2485 1261 2515 ut
1284 2481 1407 2515 Leakii
1431 2481 1584 2516 rationes
1607 2481 1698 2516 ‹luo-

213 2534 276 2568 bus
302 2539 442 2579 tantum,
467 2547 536 2570 non
560 2537 668 2571 tribus
693 2549 870 2572 murorum
894 2540 1040 2574 brachiis
1063 2542 1275 2576 Athenarum
1299 2543 1422 2576 urbem
1446 2552 1523 2576 cum
1547 2541 1698 2585 Piraeeo
1746 2550 1757 2585 Υ

213 2598 251 2629 et
279 2595 428 2630 Phalero
461 2598 676 2632 coniunctam
713 2599 818 2633 fuisse
852 2601 1046 2644 statuentis,
1081 2601 1314 2636 examinarem
1344 2606 1446 2647 atque
1484 2603 1696 2639 refellerem.
1746 2606 1757 2634 π’

215 2655 311 2688 ldem
336 2661 577 2698 argumentum
615 2671 708 2694 nnnc
738 2659 910 2704 copiosius
944 2664 1125 2695 tractatum
1165 2667 1218 2696 est
1249 2664 1290 2696 ab
1316 2664 1358 2697 O.
1382 2663 1571 2708 Muellero]
1598 2665 1695 2699 cuius
1746 2677 1757 2714 j·

215 2720 297 2750 nota
321 2720 375 2751 est
409 2720 651 2754 commentatio
685 2722 728 2755 ‹le
758 2715 972 2755 Athenarum
1004 2722 1243 2766 munimentis,
1277 2729 1313 2758 et
1342 2724 1399 2769 qui
1424 2725 1553 2769 primus
1577 2737 1695 2761 veram

215 2775 268 2812 rei
293 2778 463 2813 rationem
489 2781 677 2825 perspexit,
704 2793 724 2815 a
740 2781 924 2825 Kruegero
950 2782 985 2817 in
1003 2783 1133 2818 Studiis
1157 2783 1274 2819 histor.
1301 2789 1337 2819 et
1350 2785 1467 2830 philol.
1485 2798 1517 2832 p.
1533 2787 1602 2824 164
1620 2799 1693 2833 sqq.

1748 985 1767 1500 υεεὴ-,ὺμ-ωμκζιέιΜΜμρι-α-
1762 944 1767 973 ..,
1738 824 1767 929 .,ψ;,’.·ἰᾊ·’
1757 807 1760 810 >
1759 775 1767 795 ,ς
1758 754 1759 758 Α
1753 704 1757 714 “
