1786 3210
248 156 338 198 572-
843 152 1150 196 EUPOLIDIS

879 295 1113 337 LXXXIII.

364 382 617 436 Hesychius,
647 376 1086 436 Δαμαρίππεως»;
1127 370 1243 428 εἶδος
1273 373 1465 434 ἰσχάδος.
1525 376 1728 431 Εὔπολις.

251 456 314 497 Ita
347 455 458 496 enim
490 454 647 494 editum
678 448 828 508 δάμαρ
857 451 1020 500 ἱππέως
1050 467 1100 494 ex
1125 454 1403 494 Grammatico
1420 454 1730 508 Bekk.p.1197

251 525 544 580 corrigendum
576 537 667 564 esse
698 525 840 565 monui
870 525 979 565 Hist.
1009 525 1098 565 crit.
1121 524 1277 578 p.112.
1308 525 1474 566 nescius
1503 530 1591 567 tum
1618 526 1730 566 idem

254 601 336 640 iam
362 583 573 651 >placuisse
603 596 819 638 Dindorfio
849 595 978 636 Thes.
1010 609 1073 649 gr.
1104 609 1141 636 v.
1174 591 1504 651 δαμαρίππεως.
1785 581 1786 604 ἦ

878 720 1108 764 LXXXIV.

362 809 616 867 Hesychius,
658 805 1185 864 Δαμασικόνδυλονε
1222 807 1439 864 Εὔπολις,
1473 807 1531 860 ὥς
1566 805 1623 852 ἂν
1650 807 1730 852 τὸν

249 882 651 941 Δαμασίστρατον,
689 876 801 921 ὄντα
834 880 950 922 Χῖον
979 878 1255 935 παλαιστήν,
1297 877 1435 937 οὕτῳς
1464 882 1588 937 λέγει.
1647 885 1730 925 Da-

250 960 509 1001 manistratus
563 955 636 995 ille
675 953 806 995 Chius
843 953 1024 994 fortasse
1063 955 1329 1010 Theopompi
1376 958 1566 998 historici
1610 961 1730 1012 pater

252 1035 331 1082 est,
362 1029 415 1070 de
446 1040 527 1081 quo
553 1025 618 1067 cfr
646 1025 786 1066 Photii
815 1025 923 1066 Bibl.
957 1026 1040 1066 176
1070 1040 1112 1080 p.
1144 1027 1229 1069 120
1259 1029 1314 1070 19
1343 1029 1408 1070 ed.
1441 1030 1570 1073 Bekk.

888 1149 1095 1191 LXXXV.

363 1240 630 1295 Hesychius,
660 1233 832 1278 Ὄνου
869 1234 1102 1291 γνάθος.
1162 1235 1358 1289 Εὔπολις
1387 1237 1529 1292 παίζει
1558 1236 1619 1291 εἰς
1647 1256 1727 1284 πο-

250 1311 490 1370 λυφαγίαν.
550 1307 644 1350 ἔστι
683 1307 730 1349 δὲ
768 1310 844 1351 καὶ
888 1306 1022 1360 τόπος
1053 1304 1168 1352 οὕτω
1197 1308 1476 1368 καλούμενος.
1555 1315 1730 1356 Photius

249 1402 292 1442 p.
323 1386 407 1427 337
436 1384 506 1425 23.
542 1377 709 1422 ’Ὄνου
747 1377 993 1436 γνάθοςς
1032 1379 1167 1433 τόπος
1197 1382 1275 1435 τῆς
1304 1382 1577 1438 Λακωνικῆς.
1635 1379 1730 1442 ἅμα

251 1455 298 1498 δὲ
329 1449 390 1505 εἷς
418 1447 696 1508 πολυφάγον.

890 1545 1120 1588 LXXXVI.

364 1628 627 1684 Hesychius,
665 1624 936 1671 Σαννίον;
978 1628 1028 1670 τὸ
1069 1625 1268 1680 αἰδοῖον,
1307 1626 1410 1672 ἀντὶ
1438 1630 1518 1673 τοῦ
1546 1631 1728 1689 κέρκιον.
1760 1628 1766 1632 ’

250 1698 373 1758 παρὰ
401 1698 455 1742 τὸ
483 1698 537 1757 τῇ
566 1697 699 1755 κέρκῳ
730 1695 913 1742 σαίνειν.
974 1698 1026 1741 τὸ
1061 1699 1145 1758 γὰρ
1186 1696 1360 1743 αἰδοῖον
1389 1699 1502 1744 ἔσθ’
1535 1696 1606 1745 ὅτε
1637 1701 1728 1745 οὖ-

251 1773 355 1833 ράν
385 1770 548 1826 ἔλεγον,
577 1766 635 1818 ὥς
665 1766 872 1820 Εὔπολις.
931 1774 1105 1824 Eadem,
1135 1775 1210 1816 sed
1240 1780 1436 1829 corrupte
1466 1780 1507 1816 et
1537 1778 1730 1819 extremis

250 1849 350 1890 inde
380 1860 404 1886 a
433 1839 484 1883 τὸ
513 1838 597 1896 γὰρ
629 1835 803 1885 αἰδοῖον
833 1849 913 1885 etc.
945 1846 1109 1886 omissis
1140 1846 1266 1886 habet
1297 1847 1473 1888 Photius
1489 1862 1528 1901 p.
1546 1849 1629 1888 499
1661 1850 1729 1890 16.

248 1920 391 1963 Verba
429 1909 551 1969 παρὰ
588 1911 639 1954 τὸ
682 1913 735 1972 τῇ
774 1914 908 1971 κέρκῳ
944 1913 1117 1955 σαίνειν
1155 1930 1238 1958 non
1275 1931 1350 1959 suo
1381 1919 1475 1960 loco
1506 1920 1640 1972 posita
1669 1920 1729 1959 vi-

251 1992 418 2038 dentur,
449 1992 491 2028 et
522 1990 712 2039 spectant
741 1989 879 2041 potius
910 1988 961 2027 ad
993 1983 1236 2042 σαίνουροι,
1267 1991 1378 2041 quod
1408 1991 1487 2031 alio
1517 1991 1611 2031 Ioco
1640 1991 1730 2031 He-

250 2061 420 2115 sychius
449 2058 749 2110 interpretatur
778 2057 876 2105 ταῖς
904 2052 1056 2112 οὐραῖς
1085 2054 1325 2107 σαίνοντες.

861 2180 1111 2224 LXXXVII.

364 2265 632 2318 Phrynichus
659 2266 814 2319 Appar.
847 2267 969 2320 soph.
1000 2281 1041 2321 p.
1059 2268 1086 2307 4
1118 2267 1186 2308 24.
1215 2262 1612 2323 Ἀνωφέλητος
1638 2262 1730 2307 ἄν-

250 2337 503 2392 θρωποςε
547 2331 740 2384 Εὔπολις
768 2338 849 2390 μὲν
879 2331 1001 2386 ἰδίως
1030 2336 1103 2378 ἐπὶ
1131 2336 1211 2378 τοῦ
1239 2336 1301 2392 μὴ
1333 2337 1581 2395 δυναμένου
1608 2333 1637 2389 ἢ
1667 2335 1729 2393 μὴ

253 2404 526 2463 βουλομένου
555 2402 876 2461 ὠφεληθῆναι,
907 2407 953 2449 οἱ
983 2406 1029 2449 δὲ
1059 2408 1215 2451 πολλοὶ
1244 2409 1316 2452 ἐπὶ
1346 2409 1426 2452 τοῦ
1453 2408 1515 2466 μὴ
1545 2407 1731 2467 ω’φελεῖν

250 2478 468 2527 θέλοντος
497 2471 525 2528 ἢ
557 2476 817 2532 δυναμένου.

859 2603 1131 2646 LXXXVIII.

366 2685 630 2739 Phrynichus
646 2688 799 2741 Appar.
830 2689 950 2742 soph.
967 2689 1074 2744 p.58
1107 2690 1174 2732 10.
1206 2688 1284 2729 Πε
1299 2685 1448 2746 ρι’ζυζ·
1478 2688 1554 2730 καὶ
1582 2684 1730 2741 ἄζυξε

248 2752 593 2813 Ἀριστοφάνης
622 2757 698 2798 καὶ
726 2753 932 2807 Εὔπολις.
