1786 3210
1726 69 1729 77 f

1733 86 1742 100 ἱ

1742 107 1747 118 ί

226 326 268 365 p.
299 311 354 351 44
385 311 427 351 9.
467 303 661 356 Εὔπολις
691 307 769 346 τὸν
800 304 1002 362 πρωκτὸν
1033 300 1233 358 βάταλον
1267 296 1392 357 λέγειζ
1439 293 1716 359 μήποτεοῧν

227 380 365 423 ἔνθεν
406 377 507 429 τοὺς
540 376 766 427 κιναίδους
797 373 1021 433 βατάλους
1058 374 1259 419 καλοῦσι.
1329 377 1470 418 Schol.
1501 377 1722 419 Aeschinis

229 455 296 497 ed.
336 453 436 494 Rsk.
480 467 521 506 p.
553 453 660 492 762:
709 445 903 502 βάταλος
944 443 1104 503 μόριόν
1145 461 1187 487 τι
1227 443 1432 501 σώματος
1473 445 1595 503 παρὰ
1632 447 1724 496 τοῖς

227 521 450 571 Ἀττικοῖς
480 516 689 576 αἰσχρόν,
731 515 942 577 πρωκτός.
1001 521 1064 562 De
1093 521 1237 562 Batalo
1268 521 1467 561 nonnulla
1498 521 1581 561 dixi
1611 519 1721 561 nist.

232 598 323 639 crit.
357 611 397 651 p.
427 595 511 636 334
547 606 637 647 sqq

223 195 307 244 4052
797 189 1126 234 PIIlLONlDlS

916 730 1033 773 .XV.

635 803 702 854 ῗ,Ω
733 809 946 872 ῥόμβοισι
973 810 1194 868 μαστίξας
1225 811 1312 867 ἐμέ.

349 931 582 975 Scholiasta
612 930 823 984 Apollonii
854 930 934 972 Rh.
967 931 1025 974 1V
1056 931 1165 972 144:
1206 923 1256 968 τὸ
1296 921 1557 979 κινούμενον
1586 938 1729 981 τροχι-

238 1016 363 1047 σκιον
393 999 479 1044 ὑπὸ
507 1013 594 1041 των
624 997 924 1057 (ραριιοικίδων
953 999 1144 1061 ῥομβίον
1173 998 1388 1040 καλεῖται.
1433 990 1549 1038 οὕτω
1581 995 1628 1037 δὲ
1656 995 1729 1037 λε’-

237 1089 366 1131 ῃουσι
393 1072 471 1122 τὰς
501 1073 745 1128 περιφερεῖς
775 1086 979 1123 κινησεις.
1022 1072 1100 1114 καὶ
1128 1072 1242 1127 παρ’
1273 1065 1494 1111 Εὐπόλιδι
1518 1065 1581 1108 ,Ω
1614 1065 1727 1124 ῥύμ-

240 1148 338 1203 βοις
378 1141 599 1201 μαστίξας
648 1142 736 1198 ἐμέ.
814 1146 934 1186 Haec
979 1145 1022 1186 in
1068 1145 1214 1184 codice
1253 1144 1384 1184 Paris.
1435 1142 1493 1182 ita
1543 1141 1731 1181 scribun-

241 1227 330 1263 tur:
368 1214 446 1258 τὸν
482 1211 742 1270 κινούμενον
780 1211 1012 1270 τροχίσκον
1049 1211 1136 1256 ὑπὸ
1175 1212 1263 1254 τῶν
1293 1207 1590 1269 φαρμακίδων
1619 1206 1727 1267 ῥόμ-

242 1290 326 1346 βον
377 1285 577 1330 καλοῦσι.
630 1286 707 1327 καὶ
755 1284 803 1326 ἐν
843 1282 1066 1327 Εὐπόλιδι
1114 1284 1160 1327 δὲ
1205 1281 1283 1334 τὰς
1328 1282 1571 1339 περιφερεῖς
1611 1279 1733 1332 κινήε

243 1376 333 1411 σεις
361 1353 500 1408 οὕτως
535 1355 796 1412 ἐξηγοῦνται
828 1346 895 1397 ἴ,Ω
935 1354 1123 1414 ῥόμβοις
1160 1356 1252 1401 κτλ.
1322 1359 1438 1399 Idem
1469 1355 1606 1405 schol..
1631 1354 1684 1395 ad
1715 1354 1734 1395 1

243 1435 371 1476 1139.
404 1427 634 1486 (Ρόμβοςε,
661 1425 908 1485 τροχίσκος,
946 1424 999 1469 ὃν
1030 1428 1303 1484 στρέφουσιν
1338 1426 1470 1483 ἱμᾶσι
1498 1421 1736 1472 τύπτοντες

245 1505 322 1548 καὶ
351 1496 490 1551 οὕτως
518 1496 686 1543 κτύπον
715 1495 995 1543 ἀποτελοῦσι.
1054 1501 1167 1549 τινὲς
1207 1499 1253 1541 δὲ
1283 1496 1457 1558 ῥόμβον
1485 1493 1627 1538 αὐτὸν
1654 1508 1736 1535 κα-

246 1573 425 1625 λοῦσιν,
447 1572 511 1613 ὥν
539 1573 616 1614 καὶ
644 1567 840 1621 Εὔπολις
869 1570 916 1612 ἐν
943 1566 1175 1623 Βάπταις,
1204 1571 1289 1623 καὶν
1309 1567 1516 1624 Δίδυμος.
1547 1621 1549 1623 ¹
1577 1567 1736 1621 Quibus

246 1648 398 1692 similia
427 1647 584 1687 habent
613 1644 862 1686 Eustathius
892 1644 944 1684 ad
977 1644 1056 1684 od.
1088 1657 1128 1698 p.
1155 1645 1267 1685 1387
1297 1645 1353 1684 47
1385 1647 1428 1684 et
1458 1639 1641 1694 Etymol.
1672 1638 1735 1679 M.

236 1707 292 1775 ἰ).
321 1720 407 1760 706
437 1718 507 1758 30.
538 1716 619 1757 nisi
647 1715 758 1768 quod
800 1715 845 1756 hi
885 1714 1054 1756 fabulae
1093 1729 1246 1756 nomen
1290 1715 1500 1755 omittunt.
1559 1710 1739 1752 Atticam

247 1791 428 1833 formam
457 1788 590 1829 fuisse
620 1782 795 1844 ῥύμβον
824 1787 888 1838 *),
929 1799 1012 1827 non
1048 1781 1221 1844 ῥόμβον
1251 1785 1423 1826 tradidit
1454 1783 1578 1824 etiam
1607 1780 1738 1824 schol.

250 1863 437 1904 Theocr.
453 1860 494 1900 11
525 1859 595 1899 18.
630 1853 814 1915 ῥόμβος,
845 1850 897 1896 ὃν
926 1850 1199 1899 οῖἈττικοὶ
1228 1852 1402 1914 ῥόμβον
1431 1850 1657 1903 καλοῦσιν,
1686 1864 1740 1892 ex

252 1931 546 1976 emendatione
561 1930 754 1970 Piersoni
786 1929 896 1982 apud
913 1928 1081 1970 Ruhnk.
1099 1930 1151 1970 ad
1167 1930 1276 1970 Tim.
1299 1942 1341 1983 p.
1371 1929 1469 1969 229.
1499 1925 1739 1967 Athenaeus

251 2006 333 2049 Vll
349 2018 391 2058 p.
406 2003 490 2043 330
507 2002 548 2042 b.
580 1995 674 2040 ἔστι
704 1997 754 2039 τὸ
774 1994 917 2052 ὄνομα
935 1995 1145 2055 (ῥόμβος)
1162 1995 1403 2050 ἑλληνικόν.
1433 1997 1623 2051 Respicit
1638 2007 1740 2042 eun-

254 2075 351 2116 dem
380 2075 520 2114 locum
543 2070 719 2111 Photius
749 2083 790 2124 p.
806 2071 889 2110 491
923 2071 992 2110 10.
1019 2065 1217 2124 ςΡόμβος
1247 2067 1479 2127 (ῥύμβος)ε
1509 2062 1538 2107 ὃ
1565 2063 1741 2119 ἔχουσιν

253 2144 298 2187 οἱ
330 2137 668 2191 ἐπιθειάζοντες,
696 2134 755 2188 ὥς
786 2135 1031 2194 τύμπανον,
1082 2134 1220 2190 οὕτως
1250 2137 1457 2188 Εὔπολις.
1516 2139 1597 2191 Qui
1627 2136 1741 2189 quod

254 2216 476 2259 rhombum
507 2225 602 2254 cum
632 2217 830 2266 tympano
862 2211 1095 2264 componit,
1134 2213 1289 2254 indicio
1330 2216 1393 2254 est
1423 2203 1595 2267 ῥόμβον
1632 2205 1742 2259 apud

256 2287 441 2342 Eupolin
478 2298 560 2326 non
591 2284 644 2325 de
674 2283 841 2324 turbine
872 2284 1046 2336 magico,
1077 2288 1122 2324 ut
1137 2285 1393 2326 Fritzschius
1423 2280 1553 2324 voluit
1569 2281 1740 2332 quaest.

257 2360 385 2402 Arist.
428 2357 446 2398 1
484 2370 525 2410 p.
555 2355 662 2405 214,
707 2353 781 2394 sed
826 2354 879 2395 de
924 2358 1017 2395 rota
1060 2365 1189 2397 aenea
1234 2353 1590 2409 interpretandum
1636 2364 1741 2401 esse,

259 2443 383 2484 quam
420 2428 463 2469 in
503 2426 594 2468 istis
635 2425 829 2478 Cotyttiis
865 2426 992 2466 sacris
1033 2440 1116 2468 non
1155 2440 1276 2468 secus
1316 2431 1441 2479 atque
1486 2425 1531 2464 in
1569 2434 1742 2475 magnae

259 2500 404 2543 matris
433 2497 671 2540 cerimoniis
701 2488 922 2536 sacricolas
953 2497 1130 2551 flagellis
1159 2500 1403 2539 verberasse
1433 2506 1568 2547 eoque
1597 2496 1741 2533 acutos

260 2572 436 2613 tinnitus
466 2569 666 2610 excitasse
695 2566 910 2620 probabile
942 2572 1017 2609 est.
1088 2570 1290 2610 Similiter
1326 2571 1549 2618 utrumque
1586 2558 1767 2603 instra-²

359 2741 392 2782 ’)
417 2741 548 2775 Eadem
582 2742 795 2777 restituenda
831 2740 1055 2786 Aristophani
1085 2741 1226 2784 Fragm.
1251 2741 1341 2776 288:
1368 2742 1429 2774 ἴθι
1461 2739 1504 2783 δὴ
1537 2737 1652 2785 λαβὼν
1678 2735 1741 2772 τὸν
1784 2714 1786 2729 ⁴

265 2799 403 2849 ῥόμβον
428 2800 705 2836 ἀνακωδώνισον.
