1786 3210
0 0 98 257 Γ
170 225 177 231 ,
407 258 410 262 A
673 197 828 244 ΕΙΛΩ
838 200 968 246 ΤΕΣ.
1474 213 1558 256 481

490 387 1126 442 EIAQ'TEE.

368 597 461 641 Καὶ
489 599 671 654 γένηται
699 602 849 645 τοῖσδε
881 598 1076 661 σάμερον
1104 599 1245 653 κοπίς.

176 712 416 757 Athenaeus
455 717 514 760 IV
553 731 594 772 p.
626 719 709 760 138
726 718 766 760 f:
809 717 1029 773 Πολέμων
1074 716 1155 759 τοῦ
1199 714 1322 774 παρὰ
1364 716 1552 763 Λάκωσι

60 783 334 840 καλουμένου
384 783 566 830 δείπνου
607 786 792 838 κοπίδος
834 786 1172 846 μνημονεύοντα
1216 790 1446 845 Κρατῖνον
1497 790 1548 832 ἐν

60 852 287 907 Πλούτοις
324 856 464 911 λέγειν
500 886 557 893 —-
595 860 671 901 καὶ
711 857 907 910 Εὔπολις
945 861 993 903 ἐν
1022 857 1194 903 Εἵλωσι
1231 861 1327 903 Καὶ
1365 863 1554 917 γένηται

59 926 153 971 κτλ.
223 930 304 971 Th.
334 931 540 985 Bergkius
572 930 679 973 αἴκα
708 932 889 987 γένηται
919 939 999 977 ete.
1071 935 1163 978 Nisi
1199 933 1312 977 forte
1351 936 1553 978 trochaici

60 1002 296 1042 tetrametri
327 1008 424 1043 sunt
453 1004 668 1057 reliquiae.

778 1128 834 1169 11.

166 1211 405 1252 Athenaeus
438 1211 497 1253 IX
526 1225 566 1266 p.
583 1211 668 1252 400
687 1224 732 1253 c:
763 1204 902 1262 οὕτως
933 1212 960 1254 δ
970 1210 983 1224 '
1010 1212 1230 1272 ἐχρήσατο
1269 1211 1330 1272 τῷ
1358 1207 1549 1270 ὀνόματι

61 1278 139 1320 καὶ
163 1275 438 1337 Ἐπίχαρμος
478 1281 554 1322 καὶ
593 1277 849 1338 “Ηρόδοτος
885 1285 961 1327 καὶ
991 1282 1016 1328 ὁ
1054 1284 1157 1337 τοὺς
1185 1279 1390 1336 Εἵλωτας
1419 1281 1550 1338 ποιή-

57 1363 154 1401 σας.
214 1354 407 1408 Disputat
437 1355 490 1397 de
515 1348 653 1418 λαγῴ.

758 1480 834 1522 ΙΙΙ.

117 1557 184 1601 To>
212 1557 493 1618 Στησιχόρου
530 1577 575 1605 τε
604 1563 682 1605 καὶ
705 1559 963 1620 Ἀλκμᾶνος
992 1564 1251 1622 Σιμωνίδου
1281 1563 1330 1607 τ’
1360 1562 1548 1624 ἀρχαῖον

845 1648 1009 1694 ἀείδειν
1029 1665 1040 1677 ·

111 1725 137 1771 ὁ
167 1727 215 1771 δὲ
245 1726 504 1783 Γνήσιππος
534 1730 656 1776 ἔστιν
685 1732 872 1780 ἀκούειν.

109 1815 249 1865 κεῖνος
278 1815 499 1875 νυκτερίν’
527 1811 624 1876 εὗρε
653 1822 825 1877 μοιχοῖς
854 1819 1065 1878 ἀείσματ’
1095 1821 1387 1865 ἐκκαλεῖσθαι

109 1905 320 1956 γυναῖκας
349 1901 530 1960 ἔχοντας
560 1901 785 1963 ἰαμβύκην
814 1922 859 1949 τε
889 1909 964 1950 καὶ
993 1905 1221 1966 τρίγωνον.

163 2017 408 2062 Athenaeus
439 2022 539 2066 XIV
568 2038 609 2077 p.
631 2023 782 2065 638d:
813 2018 837 2064 ὁ
869 2021 916 2065 δὲ
946 2020 1048 2073 τοὺς
1076 2017 1137 2073 εἷς
1170 2018 1400 2073 Χιωνίδην
1429 2016 1544 2062 ἄνα-

50 2087 318 2143 φερομένους
354 2088 546 2143 ποιήσας
574 2092 790 2149 Πτωχοὺς
821 2091 1087 2146 Γνησίππου
1117 2092 1238 2144 τινὸς
1276 2090 1544 2151 μνημονεύει

51 2156 414 2217 παιγνιαγράφου
454 2163 532 2215 τῆς
571 2164 727 2221 ἱλαρᾶς
762 2163 933 2222 μούσης
961 2166 1100 2220 λέγων
1138 2160 1278 2216 οὕτως
1314 2168 1384 2220 (v.
1415 2180 1542 2220 supra

51 2242 93 2284 p.
124 2231 185 2282 6).
236 2231 312 2271 καὶ
352 2230 376 2274 ὁ
414 2235 514 2284 τούς
553 2231 756 2286 Είλωτας
795 2237 841 2279 δὲ
882 2234 1128 2288 πεποιηκώς
1164 2251 1279 2293 φησι
1324 2234 1391 2277 Τὰ
1419 2236 1541 2288 Στη-

51 2296 230 2356 σιχόρου
259 2315 303 2342 τε
331 2304 409 2344 καὶ
434 2301 688 2359 Ἀλκμᾶνος
717 2307 809 2351 κτλ.
868 2311 931 2350 Ita
962 2309 1245 2351 casaubonus.
1305 2310 1409 2351 eod.
1434 2310 1539 2352 Ven.

50 2355 264 2421 'stfflfwffi
347 2376 411 2417 De
453 2378 665 2434 Gnesippo
706 2381 803 2422 vide
841 2394 966 2436 supra
1003 2395 1044 2435 p.
1076 2381 1147 2422 27.
1239 2380 1334 2434 Ipsa
1366 2382 1538 2435 ‘poetae

49 2445 176 2486 verba
204 2446 401 2500 Epitome
430 2449 488 2490 ita
518 2452 865 2505 compendit'ecit:
897 2447 1146 2504 γνήσιππος
1176 2447 1352 2492 ἀκούειν
1384 2464 1537 2491 νυκτε-

48 2512 149 2572 ρινὰ
181 2506 275 2572 εὗρε
315 2519 488 2573 μοιχοῖς
517 2515 726 2575 ἀείσματ’
756 2520 1047 2564 ἐκκαλεῖσθαι
1078 2516 1306 2576 ἰαμβύκην
1334 2523 1411 2563 καὶ
1441 2519 1537 2578 τρί-

0 2635 1 2638 ,
50 2599 183 2640 ywva.
259 2590 331 2631 Vs.
364 2592 387 2631 1
435 2588 491 2631 τὰ
521 2594 626 2635 Ven.
681 2590 760 2634 τὸν
791 2595 915 2639 PVL.
975 2596 1058 2636 Pro
1099 2591 1357 2648 Σιμωνίδου
1395 2596 1430 2636 Β
1462 2606 1536 2635 σι-

0 2697 1 2707 ,
50 2654 176 2712 μωνί.
235 2661 398 2704 Primos
427 2677 572 2706 versus
603 2666 690 2707 suis
719 2666 886 2707 distinxi
916 2667 1044 2717 colis,
1084 2670 1131 2706 ut
1162 2666 1265 2707 fecit
1295 2666 1419 2707 etiam
1451 2666 1532 2708 Th.

51 2729 255 2782 Bergkiuo
283 2732 515 2777 Comment-
547 2749 587 2789 p.
611 2737 680 2778 32.
740 2739 1006 2779 Hei-mannus
1037 2742 1176 2787 autem
1207 2741 1250 2779 et
1280 2736 1534 2787 Dindorfius‚

0 2823 1 2826 =
50 2803 99 2842 ut
128 2799 314 2843 eiusdem
343 2805 502 2860 moduli
531 2820 677 2852 versus
707 2810 1002 2861 restituerent,
1031 2810 1138 2852 haec
1165 2809 1224 2851 ita
1252 2810 1532 2854 refluxerunt:

108 2881 279 2917 Comoed.
313 2887 384 2919 unt.
1209 2880 1264 2921 31
