1786 3210
633 195 685 238 11
691 193 911 239 YTINH.
1412 199 1414 201 ’
1445 199 1531 244 129

27 299 139 373 ¹{ena
167 312 368 368 (Fragm.
407 313 544 367 vm)
591 312 775 355 obducto
815 311 1022 353 bitumine
1061 311 1398 355 reconcinnetur.
1464 313 1530 357 De

29 385 180 440 lagena
216 384 313 435 illa,
353 386 471 427 cuius
500 384 622 426 haud
660 384 831 437 exiguas
871 383 954 425 hac
982 382 1025 425 in
1054 381 1197 424 fabula
1227 387 1371 437 partes
1398 382 1530 428 fuisse

29 460 363 500 consentaneum
394 460 471 508 est,
502 456 629 499 etiam
654 467 836 509 sequens
865 453 1148 508 fragmentum
1178 454 1384 509 intelligo.

699 579 858 622 XVlll.

220 654 334 722 'Ap’
367 659 594 722 ἀραχνίων
622 660 794 719 μεστὴν
822 660 931 719 ἔχεις
959 660 1042 715 τὴν
1071 662 1294 720 γαστέρα;

146 781 295 824 Suidas
333 782 416 822 vol.
448 780 466 822 1
496 794 539 835 Ρ.
568 780 654 821 310
697 779 890 820 vocabuli
928 773 1118 834 ἀράχνια
1167 777 1357 832 exempla
1392 790 1526 831 appo-

29 866 160 896 nens:
206 850 428 908 Κρατῖνος
470 848 517 890 δὲ
555 845 734 898 Πυτίνη
772 844 1030 906 Ἀραχνίων
1075 847 1245 904 μεστὴν
1293 845 1402 903 ἔχεις
1446 846 1528 899 τὴν

27 995 236 1037 σιπναΐσι
272 994 371 1044 ταῖς
407 994 565 1042 κεναῖς.
639 990 857 1046 Νικοφῶν
891 988 1176 1048 Ἀφροδίτης
1215 993 1369 1047 γοναῖς
1405 981 1523 1049 ³A9²

25 1062 242 1123 ἀράχνιόν
282 1079 326 1107 τι
364 1061 547 1123 φαίνετ’
592 1061 905 1119 ἕμπεφυκέναι.
972 1066 1182 1108 Videntur
1219 1066 1326 1107 haec
1366 1066 1527 1107 Cratini

28 1140 160 1180 verba
191 1152 300 1189 esse,
331 1138 524 1193 lagenam
554 1148 671 1178 suam
704 1137 1014 1179 dilectissimam
1044 1137 1118 1177 sed
1148 1150 1226 1191 pro
1258 1137 1399 1178 dolor!
1428 1138 1527 1178 vino

19 1214 201 1252 'vacuam
247 1209 551 1263 compellantis.
614 1205 659 1248 Γ
651 1204 794 1262 αστὴρ
824 1210 876 1250 de
911 1209 1088 1262 lagenae
1133 1221 1234 1249 cavo
1277 1213 1396 1250 recte
1441 1209 1525 1250 dici

27 1294 155 1336 posse
187 1282 311 1322 docet
342 1280 618 1321 Pherecrates
649 1279 760 1334 apud
791 1281 946 1322 Athen.
979 1281 1078 1322 XIV
1108 1294 1150 1333 p.
1169 1280 1251 1320 481
1274 1294 1311 1322 e.
1341 1281 1415 1322 ubi
1444 1280 1522 1322 ha-

27 1352 176 1393 bemus
205 1347 383 1399 κύλικας
411 1347 713 1404 γαστροιίδας.
782 1351 978 1391 Ventrem
1010 1350 1191 1405 lagenae
1218 1352 1319 1391 dixit
1336 1351 1523 1393 luvenal.

26 1421 110 1464 ΧΠ
142 1423 210 1463 60.
277 1424 340 1464 Ac
376 1423 458 1463 fuit
489 1424 614 1463 etiam
644 1423 802 1463 vasculi
833 1435 966 1475 genus
997 1418 1170 1477 χάστρα
1201 1424 1267 1463 vel
1297 1419 1514 1479 γαστρίον

28 1493 208 1544 dictum,
252 1494 306 1534 de
346 1507 427 1546 quo
466 1495 562 1534 vide
594 1494 868 1534 Letronnium
909 1495 1144 1536 Comment.
1186 1495 1238 1535 de
1285 1495 1523 1536 nominibus

19 1576 220 1607 »vasorum
258 1578 396 1619 graec.
438 1579 480 1619 p.
512 1566 582 1606 31.
659 1566 957 1607 Valckenarius
996 1567 1125 1607 Diatr.
1157 1580 1199 1619 p.
1233 1567 1315 1606 169
1362 1566 1523 1607 Cratini

27 1647 193 1677 versum
224 1636 277 1676 de
307 1637 521 1677 esuriente
550 1637 826 1690 intelligebat,
858 1637 1086 1678 admonens
1117 1638 1273 1678 sacculi
1298 1637 1522 1678 Catulliani

0 1716 275 1754 '‘stranearum
314 1707 443 1760 pleni,
490 1707 572 1758 „ad
617 1720 741 1760 quem
773 1709 932 1749 Cratini
979 1722 1144 1749 versum
1186 1709 1441 1761 comparavit
1485 1708 1520 1750 Ι.

6 1771 168 1821 ’1101183
195 1778 255 1818 fil.
288 1779 476 1820 Coniect.
507 1780 549 1819 in
582 1779 871 1819 Catull.c.3.’'
930 1780 1154 1820 Fritzschii
1185 1780 1370 1832 (p.268)
1402 1793 1520 1821 men-

0 1848 140 1898 nem,
172 1849 243 1901 qui
269 1849 343 1890 illo
373 1863 497 1891 versu
531 1851 700 1891 Cratino
730 1850 1033 1903 importunam,
1076 1864 1158 1904 qua
1189 1852 1288 1891 olim
1319 1863 1421 1892 usus
1452 1851 1521 1902 sit,

0 1915 72 1976 ''i-n
99 1920 450 1974 reprehendendo
480 1912 750 1962 acerbitatem
784 1924 834 1962 ab
866 1936 998 1963 uxore
1022 1923 1266 1976 exprobrari
1296 1923 1518 1973 existimat,

0 1978 111 2052 {finon
151 1992 352 2045 percipio.
422 1993 620 2033 Ceterum
651 1997 748 2033 ante
778 1988 1003 2047 ἀραχνίων
1032 1994 1269 2035 addendum
1302 2006 1397 2033 esse
1427 1981 1518 2048 ἆρα

0 2059 109 2110 :hm
139 2063 212 2104 diu
242 2067 308 2105 est
346 2063 458 2115 quod
499 2065 666 2114 monui;
705 2069 852 2117 postea
890 2066 1003 2107 idem
1043 2066 1239 2106 fecerunt
1276 2065 1516 2118 complures

0 2124 112 2186 lffli.
182 2135 304 2187 Quod
345 2133 510 2176 Platoni
546 2136 687 2186 licuit,
718 2141 765 2176 ut
805 2137 1176 2191 antepenultimam
1211 2136 1255 2178 in
1300 2130 1516 2190 ἀράχνιον

0 2203 295 2280 'if-produceret,
325 2218 409 2246 non
441 2207 559 2248 licuit
588 2206 713 2248 etiam
744 2207 928 2250 Cratino.

28 2360 42 2383 ἐγ,
727 2331 842 2373 xlx.
1240 2344 1251 2378 t

28 2402 48 2463 ξ’
193 2404 328 2452 Ἀλλ’
360 2407 464 2454 οὐδὲ
494 2409 688 2469 λάχανον
718 2412 850 2456 οὐδὲν
879 2410 980 2456 οὐδ’
1012 2410 1177 2457 ὀστοῦν
1207 2410 1273 2455 ἔτι

194 2494 296 2553 ορῶ.

52 2593 70 2602 ”
142 2595 407 2640 Herodianus
449 2599 502 2641 de
532 2601 631 2644 dict.
662 2603 771 2645 solit.
802 2615 845 2657 p.
875 2603 931 2643 38
968 2601 1021 2643 5·
1063 2596 1134 2641 διὸ
1171 2598 1359 2657 μονῆρές
1396 2597 1513 2642 κατὰ

34 2656 114 2702 τὸν
147 2661 277 2712 τόνον
314 2671 463 2725 φαμὲν
501 2661 617 2713 εἶναι
655 2668 766 2713 αὐτό
805 2673 1033 2726 (οστέον).
1091 2667 1171 2713 οὐκ
1200 2668 1348 2726 ἆγνοω
1376 2670 1422 2712 δὲ
1451 2686 1510 2721 ως

33 2730 111 2773 καὶ
137 2727 296 2779 ὀστοῦν
322 2738 507 2795 λέγεται,
536 2739 595 2792 ὠς
623 2743 698 2784 καὶ
730 2742 852 2798 παρὰ
867 2740 1079 2799 Κρατίνῳ
1103 2741 1151 2783 ἐν
1165 2741 1343 2801 Πυτινη
1370 2738 1506 2784 Ἀλλ’

33 2799 137 2846 οὐδὲ
179 2801 370 2861 λάχανον
408 2809 511 2856 οὐδὲ
548 2810 651 2856 οὐδ
684 2810 848 2855 ὀστοῦν
887 2811 981 2855 ἐστι
1019 2810 1120 2870 ὀρω.
1189 2816 1381 2857 Correxit
1410 2815 1509 2855 Din-

87 2886 259 2924 Comoed.
285 2895 358 2926 ant.
1218 2886 1245 2923 9

0 2905 9 2997 --uaffia-⁴
0 2880 5 2883 2
