1786 3210
1726 0 1786 107 Ἰ

284 204 369 251 554
870 206 1176 249 EUPOLIDIS

285 320 524 377 Phrynicho
554 321 684 362 Bekk.
713 334 755 374 p.
785 321 838 363 21
871 334 932 375 sq.
963 321 1292 364 commemorati.
1351 323 1416 364 Ad
1451 311 1596 374 Αἶγας
1628 324 1766 367 locum

283 396 441 437 ineerta
469 392 708 434 coniectura
736 393 898 433 rettulit
929 393 1010 434 ΤΙι.
1040 393 1244 447 Bergkius
1277 394 1511 435 Comment.
1542 408 1582 448 p.
1609 395 1707 437 334.

977 505 1074 547 XII.

457 582 564 630 Οἴόν
593 587 640 642 γε’
670 584 756 629 πού
783 584 873 629 ’στι
901 585 1081 641 γλῶσσα
1110 584 1384 646 κάνθρώπου
1413 585 1556 643 λόγος.

392 676 636 719 Eustathius
666 677 718 717 ad
750 674 867 716 Iliad.
899 669 941 727 β’
972 675 1081 716 3333
1122 673 1328 715 ἐνταῦθα
1372 674 1416 716 οἱ
1446 674 1634 717 παλαιοὶ
1662 690 1753 718 πα-

278 744 626 805 ρασημειοῦνται
662 742 713 786 τὸ
753 743 833 785 τοῦ
870 741 1002 800 ὄχλου
1041 742 1343 801 παλίμβολον,
1381 738 1500 795 ὅπως
1537 746 1581 788 οἱ
1624 743 1759 790 αὐτοὶ

276 819 352 862 καὶ
383 813 560 873 φεύγειν
587 806 706 868 ἦσαν
735 811 1015 870 ἑτοιμότατοι
1043 817 1119 858 καὶ
1146 817 1295 871 μένειν
1334 804 1476 865 αὖθις
1509 815 1623 876 ῥᾷον
1651 816 1758 860 α’νε-

275 887 553 941 πείσθησαν.
610 885 883 944 ἐπιφωνοῦσι
914 886 961 928 δὲ
990 887 1066 928 καὶ
1096 885 1148 929 τὸ
1178 886 1258 929 τοῦ
1289 884 1538 938 Εὐπόλιδος
1574 881 1682 931 Οἶόν
1709 889 1758 945 γε’

275 956 362 1004 πού
396 958 484 1002 ’στι
518 954 684 1013 γλῶσσ’
726 954 988 1013 ἀνθρώπου.
1061 957 1180 1015 εἴπερ
1217 956 1242 1000 ὁ
1278 960 1362 1013 μὲν
1407 958 1545 1013 λέγων
1582 957 1756 1017 φεύγω..

271 1046 355 1088 μεν
383 1028 637 1086 ἀναπτεροῖ,
663 1026 688 1072 ὁ
718 1028 765 1071 δὲ
795 1020 936 1079 αὖθις
965 1028 1119 1072 πείθει
1148 1030 1285 1084 λέγων
1311 1026 1556 1085 μίμνωμεν.
1616 1034 1750 1076 Scho-

272 1107 395 1148 liasta
435 1104 498 1145 ad·
523 1103 702 1145 eundem
740 1104 904 1144 locum:
947 1093 1056 1142 Οἶόν
1095 1101 1142 1156 γέ
1183 1097 1272 1143 πού
1304 1096 1394 1142 ’στι
1432 1101 1612 1155 γλῶσσα
1646 1101 1751 1144 κᾶν·

269 1172 463 1232 θρώπου
498 1170 647 1227 λόγος,
684 1169 797 1214 κατὰ
829 1170 909 1214 τὸν
938 1168 1162 1213 Εὔπολιν·
1204 1169 1228 1213 ὁ
1259 1174 1339 1227 μὲν
1366 1170 1452 1230 γὰρ
1480 1172 1617 1227 λέγων
1645 1170 1750 1230 φεύ-

268 1258 415 1303 γωμεν
453 1241 717 1298 ἀναπτεροῖ,
760 1239 785 1284 ὁ
822 1242 868 1284 δὲ
903 1243 1103 1299 μένωμεν
1139 1241 1302 1285 πείθει.
1362 1237 1458 1297 ἅμα
1497 1243 1544 1285 δὲ
1583 1244 1660 1286 καὶ
1698 1242 1749 1287 τὸ

267 1315 549 1373 παλίμβολον
577 1313 666 1356 τῶν
694 1311 850 1370 δήμων
877 1311 1110 1371 ἐσήμανεν.
1150 1316 1367 1357 Postrema
1398 1321 1616 1358 moverunt
1631 1317 1749 1359 Run-

267 1392 424 1434 kelium
461 1393 505 1430 et
540 1389 742 1442 Raspium
781 1401 823 1441 p.
853 1387 923 1430 57.
961 1393 1007 1428 ut
1045 1389 1184 1429 locum
1222 1388 1274 1428 ad
1311 1382 1486 1440 Δήμους
1524 1387 1746 1432 referrent.

267 1465 386 1518 Quae
422 1463 624 1514 sequntur
665 1459 884 1512 Eupolidis
925 1473 1113 1510 versum,
1139 1455 1178 1500 ’ὁ
1206 1459 1289 1512 μὲν
1316 1455 1400 1513 γὰρ
1425 1457 1562 1511 λέγων
1590 1465 1672 1501 ete.
1709 1459 1746 1501 si

267 1533 453 1576 eiusdem
483 1532 665 1572 auctoris
693 1531 820 1571 verba
849 1535 967 1581 sunt,
1006 1532 1120 1572 varie
1154 1533 1196 1573 in
1234 1532 1518 1573 trimetrorum
1547 1542 1744 1573 numeros

266 1606 360 1661 cogi
388 1607 577 1659 possunt.
636 1603 902 1643 Her-mannus
933 1603 1088 1656 Opusc.
1121 1603 1156 1644 V
1186 1616 1226 1656 p.
1257 1604 1343 1643 290
1373 1603 1582 1643 tentabat:

461 1670 486 1715 ὁ
514 1675 594 1728 μὲν
624 1671 760 1727 λέγων
789 1667 1096 1728 φεύγωμεν,
1127 1667 1156 1713 ὃ
1179 1673 1261 1726 μὲν
1290 1669 1550 1726 ἀναπτεροῖ·

458 1741 482 1787 ὁ
515 1740 568 1785 δ’
603 1733 663 1784 αὗ
693 1741 829 1796 λέγων
857 1742 1128 1798 μένωμεν,
1158 1737 1187 1785 δ’
1215 1741 1261 1784 δὲ
1291 1740 1458 1785 πείθει.

953 1858 1070 1899 XIII.

893 1938 1042 1982 Πόλιν
1070 1955 1118 1995 γε
1147 1936 1511 1997 θεοφιλεστάτην

482 2023 680 2070 οἰκοῦσιν
708 2023 1061 2081 ἁφθονεστάτην
1091 2041 1134 2067 τε
1160 2022 1400 2081 χρήμασιν.

371 2115 615 2159 Eustathius
645 2114 696 2154 ad
727 2114 853 2154 Hom.
884 2114 1035 2166 Odyss.
1066 2107 1108 2165 β’
1138 2126 1180 2166 p.
1212 2112 1323 2153 1441
1357 2112 1434 2153 16:
1465 2104 1737 2166 Δημόκριτος

255 2187 304 2230 δὲ
331 2184 822 2238 ἐπιτηδειέστερον
851 2180 977 2238 φησί,
1001 2178 1344 2236 καὶΛεινόλοχος
1374 2180 1733 2234 γενναιέστα-

253 2271 368 2310 τον,
393 2253 669 2310 Ἀντίμαχος
699 2253 745 2295 δὲ
775 2247 863 2294 ὅτι
893 2249 1310 2308 ἆφνειέστατος
1347 2249 1522 2293 ἔσκεν.
1579 2247 1732 2292 Εὔπο-

252 2329 319 2379 λις
355 2328 403 2369 δὲ
441 2324 587 2368 Πόλιν
621 2321 984 2380 θεοφιλεστάτην
1013 2324 1090 2365 κτλ
1164 2325 1317 2367 Addidi
1355 2337 1415 2376 γε.
1473 2325 1538 2366 Ad
1570 2319 1734 2372 Πόλεις
1783 2322 1786 2338 ‘³

250 2402 413 2443 rettulit
451 2401 630 2452 Raspius
668 2399 841 2438 Dissert.
881 2398 933 2437 de
973 2397 1124 2450 Eupol.
1167 2397 1288 2437 civit.
1318 2410 1357 2448 p.
1386 2396 1456 2436 88.
1493 2396 1741 2436 coniectura.

250 2473 568 2525 haudquaquam
599 2469 814 2524 probabili.
854 2469 981 2510 Attici
1012 2468 1166 2509 nullam
1197 2480 1376 2520 unquam
1416 2466 1622 2508 civitatem
1651 2466 1730 2507 nisi

248 2556 364 2585 suam
394 2543 580 2597 ipsorum
611 2533 970 2593 θεοφιλεστάτην
1000 2534 1131 2578 πόλιν
1160 2539 1366 2580 dixerunt.

866 2652 978 2694 XIV.
1038 2653 1128 2694 XV.

362 2730 443 2782 Μὴ
475 2728 632 2787 τρηχὺς
663 2730 780 2773 ἴσθι.

347 2808 415 2861 ’.Ω
448 2812 653 2873 δαιμόνι’
684 2812 871 2873 ἀνδρῶν,
900 2811 961 2870 μὴ
993 2794 1223 2871 φθονερὸν
1251 2807 1354 2856 ἴσθ’
1388 2807 1584 2868 ἆνδρίον.
