1786 3210
704 112 966 160 ΠΟΛΕΙΣ.
1494 116 1586 161 ‘512

84 230 222 284 fliclt)
262 231 340 272 καὶ
377 231 423 272 οἱ
450 228 650 286 κωμικοί.
709 226 905 279 Εὔπολις
930 223 1130 270 Πόλεσιν
1152 223 1346 284 ”Ανδρες
1374 229 1581 284 λογισταὶ

76 301 178 345 ίκτλ.
236 303 342 345 Cod.
373 305 408 346 A
445 298 728 344 ὑπευθυνιιῖν.
795 303 870 345 BG
907 297 1185 342 ἐπευθυνῶν.
1244 303 1384 354 „Quid
1425 316 1580 357 quaeso

0 414 6 425 ,
75 375 168 419 'hoc
199 376 294 416 est?
333 389 384 416 an
426 375 556 416 choro
594 374 809 415 reddenda
839 377 929 415 erat
960 374 1065 414 ratio
1097 372 1197 413 facti
1228 373 1339 426 apud
1369 374 1580 427 logistas?

0 432 13 447 ''
81 446 268 488 minime.
337 447 442 486 Nam
480 446 569 486 sive
599 446 887 486 Hermannum
918 445 1037 498 sequi
1069 444 1196 494 velis,
1235 445 1306 496 qui
1349 445 1579 487 discrimen

79 517 192 558 inter
222 518 394 571 legistas
425 521 468 557 et
495 516 701 569 euthynas
740 520 890 570 negat,
927 517 1015 557 sive
1046 515 1330 566 Boeckhium,
1371 515 1441 568 qui
1479 528 1578 558 con-

4 575 15 649 :
89 589 258 629 trariam
289 588 554 642 amplectitur
584 589 856 628 sententiam:
887 588 969 628 hoc
999 592 1186 640 apparet,
1216 587 1396 628 utrosvis
1427 587 1480 628 ad
1511 601 1576 628 ra-

0 688 4 699 .
86 660 246 702 tionem
275 660 532 701 reddendam
564 672 636 699 eos
659 672 832 700 vocasse
863 658 1164 708 tantummodo,
1195 658 1265 711 qui
1289 671 1464 700 munere
1493 672 1573 712 pu-

87 731 198 773 blico
227 731 361 772 functi
401 734 554 771 essent.
614 730 725 783 Quid
755 730 881 783 igitur
910 731 1087 784 legistae
1118 729 1170 769 ad
1201 729 1408 771 chorum?
1467 731 1573 771 For-

1 784 10 792 ·
77 806 191 843 tasse
219 801 359 856 lepida
387 800 697 854 comparatione
728 801 954 854 alloquitur
990 801 1055 841 his
1086 802 1226 842 nescio
1261 801 1352 854 quis
1384 802 1574 855 quinque

75 874 298 927 magistros
326 874 423 914 illos
453 871 704 921 certaminis,
735 873 820 924 qui,
850 872 892 913 in
909 872 1106 926 proedria
1127 872 1337 922 sedentes,
1370 873 1572 915 iudicium

76 945 204 1000 laturi
233 948 365 986 erant‘
381 945 433 985 de
464 944 596 984 tribus
627 943 766 983 choris
796 943 826 983 i.
842 957 879 985 e.
911 943 1181 986 comoediis.’'
1211 944 1568 998 Raspiusp.100.

75 1014 186 1057 Mihi
225 1015 378 1057 chorus
413 1016 457 1056 in
498 1013 689 1069 parabasi
734 1013 877 1055 iocose
914 1019 1173 1071 spectatores
1211 1015 1468 1069 compellare
1509 1015 1567 1056 vi-

75 1084 265 1127 debatur.

738 1206 894 1249 XXXI.

250 1287 379 1346 Ἐμοὶ
409 1287 493 1347 γὰρ
523 1286 602 1331 οὐκ
632 1286 729 1332 ἔστ’
762 1287 865 1333 οὐδὲ
895 1285 1064 1333 λάσαν’
1098 1284 1216 1333 ὅπου
1239 1289 1370 1347 χὲσω.

130 1379 290 1421 Moeris
320 1378 444 1420 Attio.
475 1391 516 1432 p.
546 1379 631 1419 202
661 1379 742 1419 30:
782 1373 999 1419 Λάσανον
1033 1377 1111 1418 καὶ
1152 1374 1254 1426 τοὺς
1279 1362 1564 1434 χυτρόποδας

70 1448 148 1490 καὶ
176 1446 278 1496 τοὺς
308 1445 508 1504 δίφρους,
536 1445 594 1496 ὥς
625 1444 819 1497 Εὔπολις
848 1443 1049 1490 Πόλεσιν
1074 1444 1208 1503 Ἐμοὶ
1236 1446 1321 1504 γὰρ
1350 1444 1430 1490 οὐκ
1459 1443 1558 1490 ἔστ’

69 1514 171 1560 οὐδὲ
199 1514 399 1559 λάσανον
427 1512 543 1560 ὅπου
566 1518 698 1573 χέσω.
759 1522 822 1562 Ita
846 1522 1000 1563 codex:
1032 1523 1212 1563 correxit
1230 1522 1413 1575 Raspius
1431 1536 1472 1575 p.
1490 1522 1561 1563 89.

70 1588 134 1631 De
171 1602 252 1631 usu·
289 1592 463 1644 pluralis
503 1586 680 1632 λάσανα
717 1592 799 1632 dixi
839 1593 891 1633 ad
922 1594 1138 1634 Cratinum
1170 1607 1212 1646 p.
1242 1594 1312 1633 49,
1349 1593 1421 1632 ubi
1462 1605 1561 1634 con—

69 1659 267 1702 fidentius
299 1663 441 1703 dicere
470 1669 682 1716 poteram,
722 1664 924 1717 singulari
953 1677 1128 1705 numero
1158 1664 1343 1714 Atticos,
1371 1667 1488 1704 certe
1523 1663 1560 1705 si

69 1726 305 1772 ἀπόπατον
335 1734 556 1788 designare
587 1735 765 1785 vellent,
805 1748 1015 1789 nunquam
1047 1748 1144 1776 usos
1175 1749 1281 1776 esse.
1319 1736 1429 1776 Satis
1460 1748 1559 1789 pro-

70 1803 265 1851 babiliter
300 1798 480 1859 Raspius
521 1806 731 1848 civitatem
773 1806 842 1848 hic
883 1808 998 1862 loqui
1043 1806 1555 1850 coniicitAtheniensium

69 1875 269 1917 aviditate
298 1876 555 1920 exhaustam.

715 2001 893 2043 XXXH.

268 2084 364 2127 Καὶ
396 2082 591 2128 Χαόνων
618 2087 694 2128 καὶ
725 2082 941 2127 Παιόνων
970 2085 1047 2126 καὶ
1080 2078 1354 2141 ΛΙαρὸόνων.

182 2186 420 2237 Stephanus
451 2188 550 2240 Byz.
582 2200 620 2227 v.
654 2181 893 2241 Μαρδόνες
923 2199 963 2239 p.
981 2186 1079 2227 536.
1114 2181 1373 2240 Maffldveg:
1406 2181 1553 2224 Ἠπει-

0 2285 1 2297 ,
67 2254 255 2308 ρωτικῦν
284 2252 433 2304 ἔθνος.
480 2251 673 2304 Εὔπολις
705 2253 904 2296 Πόλεσιν
940 2254 1028 2296 Καὶ
1066 2254 1256 2297 Χαόνων
1285 2254 1377 2297 κτλ.
1436 2258 1548 2299 Mar-

67 2327 198 2368 dones
227 2328 297 2383 qul
329 2332 547 2383 praeterea
577 2328 966 2370 commemoraverit
996 2328 1091 2370 novi
1121 2328 1346 2371 neminem.

720 2452 917 2494 xxxin.

1011 2533 1144 2577 Κακὰ
1174 2532 1320 2578 τοιάδε

290 2616 550 2677 πάσχουσιν,
579 2618 681 2664 οὐδὲ
711 2619 877 2678 πρᾶσιν
905 2618 1146 2667 αἰτοῦσιν.’

181 2723 331 2769 Pollux
359 2727 439 2772 Vll
470 2727 548 2770 18:
586 2719 615 2767 ὃ
641 2724 688 2767 δὲ
718 2723 762 2767 οἱ
792 2723 873 2768 νῦν
902 2727 1022 2783 φασὶ
1049 2723 1152 2778 τοὺς
1181 2719 1351 2775 οἰκέτας
1380 2721 1545 2780 πρᾶσιν
