1786 3210
671 173 937 219 ΧΕΙΡΩΝ.
1463 182 1549 224 883

0 343 1 351 ¹
68 304 216 336 versus
251 292 347 333 illos
377 303 478 333 ‘cum
508 291 589 333 Th.
620 292 801 344 Bergkio
843 296 939 344 post
968 303 1028 331 vs.
1059 291 1116 331 23
1154 292 1195 332 in
1230 292 1341 333 hunc
1380 297 1547 339 modum

72 368 339 417 transponas:

241 428 522 488 παρελήλυθ’
553 427 675 487 ᾄδων
703 429 992 485 ἐκτραπέλους
1019 430 1281 486 μυρμηκιάς,

239 500 536 558 ἐξαρμονίους,
565 499 883 556 ὑπερβολαίους
914 498 975 554 τ’,
1006 500 1223 554 ἀνοσίους,

239 574 314 615 καὶ
344 569 590 628 νιγλάρους,
619 567 765 628 ὥσπερ
796 587 839 613 τε
873 571 952 621 τὰς
982 570 1212 630 ῥαφάνους
1240 568 1349 627 ὅλην

237 643 423 697 καμπῶν
451 658 503 697 με
534 644 847 698 καταμέστωσε
878 640 1247 698 [ποικιλώτατα],

239 710 321 756 κᾶν
350 711 504 772 ἐντύχῃ
535 711 623 756 πού
650 729 728 769 μοι
759 712 1001 772 βαδιζούσῃ
1030 714 1159 774 μόνῃ,

238 784 428 828 ἀπέδυσε
459 782 665 828 κάνέλυσε
692 786 874 842 χορδαῖς
904 784 1086 830 δώδεκα.

61 856 187 918 Ἰιίεηι
228 859 335 900 haec
373 860 425 899 ad
455 873 522 899 me
552 859 807 912 perscripsit.
879 860 1075 909 „Inserui
1105 853 1426 911 ποικιλώτατα,
1462 862 1550 903 sive

70 931 117 969 tu
147 931 263 971 malis
285 924 626 979 ποικιλωτάτων,
657 931 842 982 quamvis
873 932 997 971 etiam
1027 929 1103 970 καὶ
1131 925 1377 987 κατῄκισεν,
1405 927 1550 972 κάλω-

69 994 257 1052 βήσατο,
289 1002 369 1042 alia
399 997 587 1054 suppleri
617 1007 811 1053 possunt:
845 1007 959 1042 certe
990 1003 1093 1042 nihil
1125 1008 1292 1055 praeter
1320 1007 1548 1045 extremam

68 1076 230 1125 partem
261 1072 412 1113 senarii
443 1071 641 1111 omissum
660 1073 838 1113 videtur.
871 1074 957 1112 Iam
988 1086 1083 1113 cum
1113 1073 1157 1112 hi
1189 1078 1274 1114 tres
1297 1087 1441 1114 versus
1471 1088 1548 1115 suo

69 1147 209 1183 essent
237 1144 332 1184 loco
363 1143 583 1191 deturbati,
615 1143 807 1184 librarius
837 1144 998 1196 aliquis,
1030 1144 1100 1196 qui
1129 1145 1232 1184 scite
1261 1145 1549 1186 animadvertit

69 1226 121 1256 ea
149 1216 201 1255 ad
219 1215 407 1256 Musicae
437 1214 666 1254 orationem
688 1216 913 1267 pertinere,
943 1215 1015 1255 illa
1044 1210 1071 1264 ἦ
1102 1213 1148 1254 δὲ
1166 1213 1375 1265 ,Μουσικὴ
1404 1214 1550 1256 ταῦτα

68 1284 183 1338 λέγει
212 1287 444 1339 adscripsit,
475 1298 580 1338 quae
610 1286 691 1325 iam
721 1291 818 1326 sunt
848 1287 1128 1336 exturbanda3
1157 1287 1258 1326 satis
1292 1287 1402 1327 enim
1431 1292 1548 1329 recte

68 1358 259 1410 procedit
278 1356 489 1397 Plutarchi
515 1356 671 1396 oratio:
700 1355 777 1395 καὶ
805 1352 1137 1412 Ἀριστοφάνης
1165 1351 1190 1396 ὁ
1219 1353 1408 1410 κωμικὸς
1435 1369 1551 1412 μνη-

67 1423 243 1482 μονεύει
271 1424 350 1466 τοῦ
373 1423 627 1476 Φιλοξένου,
657 1423 733 1466 καί
763 1440 902 1480 φησιν
931 1420 1000 1467 ὅτι
1025 1421 1086 1474 εἷς
1114 1424 1216 1475 τοὺς
1245 1425 1445 1476 κυκλίους
1470 1441 1548 1482 χο·

69 1495 170 1555 ρους
199 1496 309 1552 μέλη
339 1491 622 1549 εἰσηνέγκατο
652 1499 693 1548 *)
730 1498 806 1537 καὶ
843 1494 969 1538 ἄλλοι
1008 1496 1054 1538 δὲ
1094 1496 1403 1554 κωμῳδοποιοὶ
1433 1495 1549 1540 ἔδει-

69 1569 151 1622 ξαν
180 1566 262 1619 τὴν
288 1563 482 1609 ἀτοπίαν
510 1566 599 1607 τῶν
626 1565 737 1621 μετὰ
766 1568 907 1608 ταῦτα
938 1566 1018 1619 τὴν
1046 1566 1264 1622 μουσικὴν
1292 1583 1549 1626 κατακεκερ-

67 1637 359 1696 ματικότων.”
424 1641 542 1681 Ilaec
578 1640 705 1692 igitur
742 1641 969 1694 Bergkffls,
1009 1654 1114 1693 quae
1152 1654 1234 1687 non
1274 1642 1416 1682 dubito
1448 1643 1548 1695 quin

68 1709 301 1755 rectissime
341 1711 548 1764 disputata
584 1712 680 1751 sint.
748 1713 834 1752 Sed
874 1713 984 1752 idem
1024 1726 1122 1752 num
1162 1718 1299 1762 recte,
1345 1714 1547 1755 Emlsleio

68 1789 321 1839 praeeunte,
348 1779 536 1834 καμπῶν
566 1781 779 1834 scripserit
809 1796 884 1835 pro
914 1778 1147 1835 κάμπτων,
1185 1797 1338 1836 easque
1367 1781 1549 1837 καμπὰς

57 1857 270 1907 flexiones
309 1854 432 1894 simul
470 1847 648 1904 κάμπας
685 1853 728 1893 h.
759 1868 797 1893 e.
840 1867 987 1894 erucas
1018 1854 1232 1896 brassicae
1267 1856 1548 1897 adhaerentes

68 1927 357 1979 adsignificare
386 1925 606 1973 existimet,
635 1925 679 1964 id
707 1925 835 1978 igitur
864 1938 963 1965 num
994 1931 1109 1966 recte
1139 1926 1295 1967 factum
1326 1929 1400 1977 sit,
1431 1933 1548 1969 certe

68 1998 247 2040 dubitari
286 2009 410 2049 posse
447 1995 548 2035 mihi
585 1996 762 2045 videtur.
831 1997 1026 2037 Ceterum
1066 1998 1205 2038 nescio
1241 2012 1292 2038 an
1324 1999 1364 2039 in
1398 1999 1547 2040 eodem

66 2069 149 2110 hoc
182 2067 440 2108 Pherecratis
469 2066 703 2119 fragmento
741 2069 866 2107 etiam
904 2069 1015 2109 aliud
1046 2070 1546 2122 transpositionissexem-

67 2141 182 2194 plum
214 2140 452 2198 habeamus.
513 2138 596 2177 Per
627 2139 736 2178 enim
759 2140 907 2179 mirum
940 2141 1071 2180 videri
1101 2142 1238 2190 debet,
1269 2141 1309 2180 in
1340 2142 1413 2180 illo
1445 2142 1545 2182 artis

68 2211 251 2251 musicae
300 2212 591 2260 corruptorum
638 2222 813 2255 recensu
851 2213 1038 2262 proximo
1080 2218 1176 2264 post
1214 2212 1545 2265 Melanippidem

68 2283 162 2322 loco
201 2280 300 2333 poni
338 2279 567 2328 maesiam,
613 2284 708 2331 post
751 2280 955 2321 Cinesiam
1003 2287 1142 2322 autem
1189 2283 1355 2324 demum
1398 2283 1545 2323 inferri

66 2351 279 2405 Phrynin‚
319 2362 492 2401 quorum
523 2350 721 2399 alterum,
762 2351 967 2392 Cinesiam
999 2353 1116 2401 dico,
1155 2354 1221 2393 vix
1251 2355 1346 2392 ante
1377 2353 1544 2407 Olymp-

37 2441 40 2443 ·
66 2424 163 2465 xe!
195 2421 438 2462 inclaruisse
468 2420 567 2460 satis
597 2422 868 2477 probabiliter
906 2423 1096 2462 docuisse
1126 2423 1227 2462 mihi
1259 2424 1402 2463 videor
1431 2425 1544 2465 Ilist.

67 2495 158 2535 crit.
189 2506 230 2546 p.
261 2492 359 2532 227.
422 2491 603 2543 Phrynin
644 2497 779 2532 autem
817 2493 899 2532 iam
932 2493 1096 2546 Olymp.
1129 2494 1302 2535 Lxxxl
1337 2494 1374 2534 l.
1435 2495 1542 2535 Pan-
1597 2511 1610 2519 ³

67 2564 278 2606 athenaeis
308 2562 455 2603 vicisse
486 2575 535 2601 ex
565 2563 787 2602 scholiasta
816 2564 869 2602 ad
898 2565 1109 2617 Aristopli.
1141 2565 1249 2606 Nub.
1274 2565 1354 2605 971
1387 2566 1543 2606 intelll-

68 2635 194 2688 gitur.
266 2634 408 2685 ltaque
445 2633 668 2674 videndum
707 2638 771 2675 est
807 2647 861 2675 ne
892 2648 1036 2676 versus
1068 2635 1121 2675 14
1137 2659 1188 2666 ›—
1204 2636 1257 2675 18
1287 2641 1382 2688 post
1411 2637 1542 2691 septi-

163 2780 198 2823 ')
221 2780 324 2814 Hunc
346 2782 456 2816 locum
481 2781 578 2826 attigi
602 2782 690 2817 nist.
717 2781 792 2817 crit.
816 2793 850 2827 p.
871 2781 919 2816 89
943 2792 995 2825 sq.
