1786 3210
261 158 347 208 558
846 158 1152 204 EUPOLImS
1739 0 1786 213 ἲ

938 273 1071 317 XXV.

425 350 606 415 ’Ὠσπερ
635 353 802 413 ἀνέμου
826 352 1035 414 ’ξαίφνης
1065 354 1278 413 ἀσελγοῦς
1306 361 1556 417 γενομένου.

375 463 678 504 Grammaticus
707 463 838 504 Bekk.
871 463 1030 505 Anecd.
1062 463 1080 504 l
1110 477 1151 517 p.
1183 464 1264 505 451
1299 466 1366 507 10.
1393 460 1624 521 Ἀσελγὲςε
1654 465 1746 508 πᾶν

260 530 312 575 τὸ
351 529 555 588 σφοδρὸν
589 531 665 572 καὶ
703 529 868 586 βίαιον.
928 531 1004 574 καὶ
1043 528 1248 586 ἀσέλγεια
1278 532 1304 586 ἡ
1333 532 1431 591 μετ’
1463 535 1746 594 ἐπηρεασμοῦ

261 604 337 646 καὶ
366 599 655 661 θρασύτητος
685 601 778 657 βία.
840 604 915 644 καὶ
946 599 1134 658 ἀσελγὴς
1163 601 1187 646 ὁ
1218 603 1455 661 ἀνάγωγος.
1503 608 1742 664 Δημοσθέ-

260 688 340 726 νης
369 703 425 711 --
467 675 543 716 καὶ
580 671 604 715 ὁ
641 670 829 729 κωμικός
866 668 1048 730 ῐ’.Ωσπερ
1089 673 1255 731 ἀνέμου
1289 676 1500 735 ἐξαίφνης
1532 677 1742 734 ἀσελγοῦς

261 745 512 802 γενομένου.
569 747 769 801 Eupolidi
799 748 1009 788 vindicavi
1044 754 1217 803 propter
1247 751 1406 793 Polluc.
1439 753 1471 802 1,
1503 753 1612 793 111:
1649 748 1743 793 Εὕ-

259 817 386 867 πολις
415 816 463 858 δὲ
491 817 566 858 καὶ
596 813 762 872 ἄνεμον
790 813 954 871 ἀσελγῆ
983 809 1077 861 εἷπε
1105 818 1184 860 τὸν
1214 817 1378 874 βίαιον.
1437 823 1675 877 Hesychius
1702 824 1742 866 11

257 892 367 932 350:
405 886 456 930 τὸ
497 886 580 946 γὰρ
610 885 789 943 ἀσελγὲς
818 885 873 930 οὐ
902 886 1043 943 μόνον
1071 890 1144 932 ἐπὶ
1173 891 1252 933 τοῦ
1282 888 1530 933 ἀκολάστου
1558 890 1744 934 ἔταττον

258 960 303 1002 οἱ
332 958 541 1012 παλαιοί,
581 957 681 1002 ἀλλ’
716 958 839 1002 ἔστιν
867 953 939 1001 ὅτε
969 962 1045 1002 καὶ
1075 961 1147 1003 ἐπὶ
1176 962 1257 1005 τοῦ
1285 960 1493 1018 μεγάλου.
1554 963 1630 1005 καὶ
1659 963 1743 1021 γὰρ

265 1029 432 1087 ἄνεμον
468 1029 634 1086 ἀσελγῆ
671 1032 889 1086 λέγουσιν,
929 1028 987 1081 ώς
1016 1030 1224 1085 Εὔπολις.
1283 1037 1442 1079 Eadem
1474 1038 1626 1079 omisso
1653 1038 1743 1080 Eu-

257 1106 411 1162 polidis
439 1106 608 1148 nomine
639 1107 763 1148 Prov.
794 1105 916 1147 Bodl,
945 1106 1043 1149 555.

919 1219 1071 1261 XXVI.

507 1306 604 1349 Καὶ
632 1305 694 1363 μὴ
729 1304 959 1365 πονηρούς,
990 1297 1022 1348 ὦ
1055 1305 1243 1364 πονήρα,
1273 1308 1485 1366 προξένει.

368 1424 674 1465 Grammaticus
705 1423 894 1466 Crameri
924 1423 1083 1466 Anecd.
1116 1424 1154 1463 11
1179 1437 1221 1478 p.
1251 1424 1359 1465 372:
1390 1418 1414 1464 ὁ
1442 1420 1558 1464 κατὰ
1585 1420 1739 1478 ψυχήν

253 1491 487 1549 (πονηρὸς)
518 1490 746 1544 ὀξυτόνως,
778 1490 802 1535 ὁ
833 1492 879 1534 δὲ
912 1492 1026 1535 κατὰ
1054 1492 1182 1549 σῶμα
1212 1490 1632 1549 προπαροξυτόνως·
1661 1494 1740 1536 καὶ

253 1561 361 1620 παρ’
394 1561 613 1606 Είπόλιδι
650 1563 700 1606 τὸ
737 1562 942 1616 θηλυκὸν
978 1560 1151 1620 πονήρα
1179 1564 1276 1605 Καὶ
1304 1562 1367 1618 μὴ
1399 1561 1616 1620 πονηροὺς
1643 1563 1736 1609 κτλ.

252 1638 459 1691 Exposuit
497 1637 550 1677 de
589 1638 670 1678 hoc
708 1637 946 1679 discrimine
976 1637 1213 1677 doctissime
1244 1642 1362 1677 vetus
1393 1638 1601 1690 interpres
1630 1637 1726 1678 Ari-

252 1708 412 1751 stotelis
440 1707 541 1750 Eth.
572 1709 734 1750 Nicom.
765 1709 827 1750 111
856 1708 899 1752 5.
959 1707 1035 1750 Cfr
1064 1708 1278 1762 Goettling
1308 1709 1361 1749 de
1390 1709 1489 1750 Acc.
1520 1721 1560 1762 p.
1590 1707 1688 1749 304.

914 1832 1089 1874 xxvu.

491 1914 660 1974 ,Ηρῷον
687 1914 732 1957 εἴ
755 1912 846 1965 πώς
875 1929 952 1970 μοι
980 1912 1190 1970 κομίσαιο
1222 1914 1300 1956 τοῦ
1328 1910 1491 1957 Λύκου.

363 2029 630 2072 Herodianus
661 2032 799 2072 Cram.
830 2030 988 2072 Anecd.
1021 2030 1080 2070 111
1111 2044 1152 2083 p.
1184 2029 1282 2070 253.
1312 2027 1543 2070 Hermanni
1567 2040 1607 2080 p.
1626 2028 1733 2069 309:

248 2094 393 2155 ἡρῷον
422 2098 591 2152 λέγεται
623 2097 649 2150 ή
679 2098 759 2141 τοῦ
786 2093 927 2155 ἥρωος
956 2092 1082 2139 εἰκών
1110 2094 1139 2149 ἢ
1169 2096 1219 2139 τὸ
1249 2098 1439 2153 τέμενος.
1495 2093 1554 2146 ὠς
1584 2093 1734 2138 Εὔπο-

249 2168 316 2218 λις
348 2165 533 2227 Ἠρᾷον
575 2169 666 2213 κτλ.
737 2172 970 2213 Memoriae
1013 2184 1156 2212 errore
1194 2172 1391 2224 Eupolidi
1428 2182 1594 2210 versum
1632 2169 1733 2211 assi-

249 2255 400 2296 gnasse
438 2243 604 2283 videtur
643 2243 713 2296 qni
753 2247 817 2283 est
846 2241 1135 2295 Aristophanis
1166 2242 1294 2295 Vesp.
1325 2242 1434 2283 819:
1473 2234 1659 2296 θήρῷον
1695 2237 1741 2280 εἴ

250 2326 340 2361 πως
369 2309 624 2367 ἐκκομίσαιο
656 2311 736 2354 τοῦ
764 2308 929 2355 Λύκου.

882 2425 1078 2468 XXVIII.

512 2507 626 2565 Ἐγώ
660 2506 708 2550 δ’
742 2506 950 2565 ἄδειπνος
981 2506 1166 2565 ἑσπέρας
1196 2505 1470 2564 ηὑλιζόμην.”

364 2625 666 2667 Grammaticus
704 2624 886 2667 Bekkeri
929 2623 1087 2666 Anecd.
1118 2637 1157 2676 p.
1187 2622 1271 2662 463
1301 2623 1380 2662 18:
1417 2617 1639 2670 αὐλίζεται
1679 2617 1758 2674 τὸ,

248 2693 296 2740 ἐν
324 2691 439 2754 αὐλῇ
469 2693 715 2752 διατρίβει,
757 2695 834 2736 καὶ
873 2689 994 2742 ἰδίως
1024 2691 1075 2733 τὸ
1105 2690 1314 2746 κοιμᾶται
1352 2686 1547 2740 Εὔπολίς
1591 2703 1731 2747 φησιν

242 2761 359 2820 Ἐγώ
393 2764 421 2807 δ
436 2762 450 2777 ³
483 2763 690 2816 ἄδειπνος
721 2765 907 2823 ἑσπέρας
937 2759 1190 2819 αὐλιζόμην.
1251 2762 1408 2818 Scripsi
1437 2757 1693 2819 ἠυλιζόμην.
