1786 3210
611 684 1304 746 PHERECRATE
1323 685 1390 745 S.

728 793 861 842 (nist.
893 794 983 853 erit.
1015 809 1056 849 p.
1072 793 1127 833 66
1158 794 1270 846 sqq.)

668 1038 1274 1112 ἈΓΑΘοι

370 1204 510 1247 Huius
539 1202 722 1254 fabulae,
752 1203 803 1243 ab
821 1203 912 1243 aliis
933 1201 1123 1242 Strattidi
1154 1202 1349 1255 tributae,
1378 1204 1613 1258 pleniorem
1640 1204 1741 1245 titu-

242 1280 342 1321 .lum
373 1277 521 1319 Suidas
559 1276 602 1316 in
634 1275 846 1316 Strattidis
878 1273 1190 1315 comoediarum
1230 1289 1409 1317 recensu
1439 1276 1579 1330 posuit
1606 1275 1739 1316 hunc:

248 1346 463 1403 ,Ἀγαθοὶ
489 1341 589 1397 ἤτοι
624 1340 868 1401 Ἀργυρίου
897 1339 1174 1400 ἀφανισμός,
1215 1347 1267 1387 de
1298 1361 1379 1401 quo
1411 1348 1740 1401 quid‘sentirem

253 1421 431 1464 indicavi
468 1419 579 1460 Hist.
618 1419 710 1460 crit.
751 1432 793 1471 p.
824 1417 923 1459 224.
991 1416 1127 1457 Aliam
1167 1418 1371 1460 rationem
1412 1419 1495 1461 Th.
1533 1419 1741 1473 Bergkius

254 1494 488 1545 comment.
520 1504 561 1543 p.
590 1489 674 1531 285
710 1489 821 1539 iniit,
862 1489 932 1541 qui
970 1491 1194 1541 utrumque
1224 1489 1389 1531 titulum
1418 1490 1587 1532 fabulae
1616 1501 1740 1543 argu-

253 1568 396 1607 mento
427 1562 650 1603 convenire
680 1560 916 1602 arbitratur.
946 1562 1136 1602 Finxisse
1167 1563 1276 1603 enim
1307 1565 1534 1612 auctorem,
1566 1572 1740 1601 aureum

254 1634 463 1690 quoddam
493 1633 611 1686 quasi
639 1632 851 1674 saeculum
881 1645 1025 1673 rursus
1053 1633 1214 1685 redire,
1253 1646 1347 1675 cum
1376 1645 1523 1674 aurum
1554 1633 1739 1674 omnium

253 1707 458 1748 malorum
488 1704 794 1745 irritamentum
825 1704 1072 1754 evanuisset,
1104 1717 1185 1758 quo
1209 1706 1376 1758 quidem
1406 1705 1573 1747 saeculo
1602 1703 1739 1745 homi·
1772 1697 1774 1699 ’

253 1791 330 1820 nes
370 1776 493 1817 otiosi
535 1780 577 1816 et
623 1774 729 1815 labis
770 1775 938 1815 omnino
976 1780 1168 1829 expertes
1213 1777 1339 1817 vitam
1378 1777 1487 1817 hene
1532 1776 1738 1828 beateque

252 1848 547 1901 transigerent.
617 1846 956 1887 Cuinsententiae
984 1851 1030 1887 ut
1061 1847 1239 1901 aliquam
1270 1849 1454 1902 speciem
1484 1847 1736 1897 conciliaret,
1776 1885 1778 1888 Α

252 1919 498 1974 fragmentis
527 1917 695 1958 fabulae
724 1918 851 1972 paulo
881 1917 1075 1958 licentius
1105 1919 1259 1960 abusus
1289 1923 1366 1960 est.
1427 1919 1594 1967 Titulus
1619 1911 1736 1972 Ἀρ-
1767 1967 1770 1970 ⁴

251 1987 406 2048 γυρίου
435 1983 704 2043 ἀφανισμός,
735 1989 770 2029 si
800 1992 939 2029 tamen
977 2002 1028 2029 eo
1059 1994 1130 2031 aut
1160 1990 1436 2032 Pherecrates
1467 1993 1539 2031 aut
1568 1988 1735 2030 Strattis
1773 2036 1777 2050 .=

252 2065 470 2110 ususest,
508 2060 716 2113 quomodo
747 2060 850 2101 mihi
887 2060 1226 2120 interpretandus
1254 2062 1465 2114 videatur,
1510 2061 1594 2103 dixi
1622 2060 1733 2103 Hist.

251 2135 342 2177 crit.
373 2147 415 2188 p.
445 2132 542 2174 473.

984 2256 1017 2297 I.

442 2343 557 2402 Ἐγώ
590 2343 821 2389 κατεσθίω
848 2343 978 2402 μόλις
1006 2345 1084 2398 τῆς
1113 2343 1280 2402 ἡμέρας

447 2429 586 2474 πένθ’
619 2429 898 2488 ἡμιμέδιμν’,
927 2431 1006 2474 ἐαν
1035 2429 1268 2488 βιάζωμαι.
1327 2430 1383 2474 Β.
1414 2427 1561 2486 μόλις,·

444 2513 502 2567 ὠς
531 2514 779 2570 ὀλιγόσιτος
808 2508 927 2568 ἧσθ’
957 2514 1048 2574 ἄρ’,
1079 2513 1127 2568 ὃς
1156 2513 1413 2566 κατεσθίεις

445 2602 522 2654 τῆς
552 2601 716 2660 ἡμέρας
742 2601 914 2659 μακρᾶς
944 2599 1146 2660 τριήρους
1174 2599 1310 2644 σιτία.

363 2718 603 2761 Athenaeus
629 2718 667 2759 X
696 2732 738 2772 p.
753 2718 875 2759 4150
905 2719 958 2759 de
987 2718 1203 2761 voracibus
1232 2716 1469 2758 hominibus
1499 2716 1728 2760 disserens:

248 2784 447 2838 τοιοῦτός
471 2786 563 2828 ἐστι
592 2788 666 2829 καὶ
696 2784 720 2829 ὁ
751 2786 873 2846 παρὰ
907 2784 1168 2846 Φερεκράτει
1195 2781 1225 2839 ἢ
1240 2783 1480 2843 Στράττιδι
1508 2786 1556 2830 ἐν
1580 2784 1727 2843 Ἀγα-
