1786 3210
219 174 303 214 308
736 168 1142 212 PIIERECRATIS
1744 0 1786 239 1

221 290 320 334 tem,
352 283 405 324 de
435 297 516 337 qua
546 298 638 325 eum
661 284 837 325 maxime
860 282 1045 334 agimus,
1076 278 1217 319 sabula
1249 292 1331 319 non
1362 283 1520 321 tantum
1550 282 1593 322 in
1623 282 1708 323 sin·
1778 239 1786 341 ,ἔξ

222 356 417 407 gulorum
448 356 744 395 vocabulorum
774 365 851 392 usu
884 356 926 390 et
956 351 1207 402 syllabarum
1238 363 1447 400 mensura,
1478 352 1553 391 sed
1583 353 1707 392 etiam
1777 358 1786 406 ιζ

222 427 262 465 in
306 429 394 465 tota
433 425 681 471 elocutionis
718 423 879 462 ratione
917 422 1125 460 laudatam
1160 422 1419 462 Pherecratis
1459 423 1708 475 elegantiam
1776 416 1786 475 '3

222 496 455 544 desideres,
483 496 526 534 id
555 494 665 546 quod
697 493 750 532 de
779 492 830 532 iis
862 492 1038 531 maxime
1070 491 1243 532 dixerim
1268 505 1375 543 quae
1406 506 1528 533 versu
1561 500 1708 546 quarto
1783 506 1786 507 ⁷

221 570 265 605 et
295 566 570 618 sequentibus
601 564 812 616 leguntur,
843 568 968 615 poeta
1000 575 1049 601 eo
1073 575 1196 614 quem
1227 559 1524 601 άττικώτατον
1546 569 1708 604 veteres

222 636 366 675 dixere
397 648 542 687 parum
575 634 711 686 digna.
764 634 844 673 His
874 633 981 672 adde
1012 631 1256 684 frequentes
1286 635 1327 674 in
1361 640 1444 674 tam
1477 635 1591 675 brevi
1622 634 1708 675 fra-

220 710 389 757 gmento
415 706 590 744 aliorum
624 709 840 757 poetarum
870 704 1137 752 imitationes,
1168 705 1395 745 Teleclidis
1426 719 1486 746 vs.
1509 707 1548 754 6,
1581 706 1635 746 17
1666 710 1710 747 et

219 776 290 815 24.
351 775 643 827 Aristophanis
674 789 732 815 vs.
764 775 834 815 29.
894 775 1043 826 Neque
1075 767 1307 815 enim‘fore
1338 777 1486 826 credo,
1530 777 1600 828 qui
1631 776 1709 816 ista
1775 833 1778 835 Β

225 845 545 897 Aristophanem
578 847 628 885 ab
659 851 832 886 auctore
865 846 1195 894 Metallicorum‚
1235 860 1315 886 non
1348 852 1485 887 autem
1516 846 1629 887 hunc
1658 848 1709 887 ab

222 916 503 967 Aristophane
544 922 775 957 mutuatum
815 930 908 956 esse
948 917 1070 957 dicat.
1150 918 1268 957 Haec
1317 919 1454 958 omnia
1497 918 1707 971 reputanti

223 987 324 1025 mihi
355 1000 437 1027 non
468 988 740 1027 dubitandum
772 988 957 1037 videtur,
997 988 1094 1039 quin
1133 994 1248 1028 recte
1278 990 1583 1029 Eratosthenes
1615 990 1709 1029 Me-

221 1057 372 1097 tallicis
405 1058 665 1098 Pherecratis
698 1071 853 1097 nomen
881 1059 1129 1099 detraxerit:
1169 1060 1238 1110 qui
1269 1061 1378 1112 quod
1412 1058 1708 1100 [Nicomachum

222 1128 482 1180 potissimum
532 1134 574 1169 et
617 1130 741 1169 huius
782 1128 952 1169 fabulae
1000 1135 1042 1168 et
1081 1129 1274 1170 Chironis
1311 1135 1523 1171 auctorem
1565 1131 1708 1179 edidit,

222 1212 305 1239 non
336 1194 481 1240 vanam
512 1200 704 1252 profecto
748 1201 917 1252 suisque
955 1199 1238 1241 fundamentis
1278 1202 1516 1242 destitutam
1549 1198 1708 1254 opinio-¹

222 1284 317 1310 nem
354 1275 553 1322 sequutus
596 1284 690 1311 esse
729 1271 962 1311 censendus
1001 1276 1078 1311 est.
1149 1272 1430 1314 Nicomachus
1470 1279 1607 1314 autem
1636 1273 1708 1314 ille
1747 1297 1750 1299 —

222 1354 469 1393 quamquam
503 1343 594 1394 quis
624 1342 752 1382 suerit
781 1343 997 1395 ignoratur
1028 1341 1128 1392 (cfr.
1160 1343 1271 1384 Ilist.
1303 1346 1395 1384 crit.
1426 1357 1467 1397 p.
1497 1344 1554 1384 75
1583 1345 1708 1396 sqq.)‚

222 1412 275 1451 de
306 1417 442 1451 aetate
467 1417 609 1457 ⁴tamen
642 1425 721 1464 qua
751 1414 899 1453 vixerit
938 1414 1051 1454 nulla
1083 1427 1175 1454 esse
1205 1421 1344 1467 potest
1385 1415 1614 1465 dubitatio,
1653 1415 1709 1455 si-

223 1483 390 1534 quidem
421 1484 511 1535 ipsa
539 1484 610 1523 illa
627 1484 935 1523 Metallicorum
954 1485 1203 1536 fragmenta,
1236 1487 1498 1537 quantumvis
1527 1478 1708 1527 habeant

222 1565 328 1605 quae
368 1554 419 1593 ab
457 1554 636 1606 genuina
675 1554 790 1594 attici
829 1555 1034 1594 sermonis
1084 1557 1273 1596 castitate
1322 1557 1449 1609 louge
1495 1558 1708 1607 recedant,
1775 1547 1783 1550 ”

222 1637 315 1663 eam
347 1628 486 1663 tamen
517 1624 699 1664 indolem
731 1623 989 1677 praeferunt,
1021 1638 1128 1677 quae
1159 1626 1325 1666 fabulae
1356 1633 1570 1667 auctorem
1600 1629 1707 1668 anti-

222 1706 330 1746 quae
363 1694 603 1734 comoediae
634 1696 892 1748 temporibus
916 1695 1131 1748 scripsisse
1162 1698 1273 1738 haud
1305 1699 1482 1738 obscure
1513 1699 1706 1740 doceant.

222 1766 282 1805 Ac
322 1765 502 1805 fortasse
541 1766 666 1805 etiam
705 1767 884 1806 certiora
921 1766 1074 1808 afferre
1113 1769 1224 1810 licet.
1299 1770 1467 1810 Etenim
1513 1770 1550 1809 si
1588 1775 1707 1810 recte

222 1836 527 1876 Eratosthenes
557 1837 680 1876 etiam
712 1837 939 1878 Chironem
966 1839 1232 1880 Pherecratis
1262 1840 1398 1880 eidem
1428 1842 1587 1881 auctori
1618 1841 1707 1882 vin-

223 1906 395 1955 dicavit,
444 1908 542 1947 satis
581 1908 855 1960 probabiliter
893 1894 1193 1951 Nicomachum
1233 1912 1342 1951 circa
1383 1911 1550 1964 Olymp.
1588 1911 1705 1953 XCI!

222 1977 436 2029 scripsisse
467 1977 676 2020 coniicias.
719 1979 803 2020 Sed
833 1979 884 2019 de
916 1980 1100 2020 Chirone
1130 1980 1237 2021 infra
1268 1981 1435 2022 dicendi
1466 1982 1583 2024 locus
1614 1982 1706 2025 erit.
1755 2017 1761 2025 <

223 2047 371 2099 Neque
409 2062 508 2088 vero
547 2050 613 2089 his
650 2050 878 2090 rationibus
917 2051 1159 2091 Athenaeus
1199 2059 1435 2104 repugnare
1474 2055 1706 2095 censendus

222 2122 300 2167 est,
334 2119 403 2170 qui
444 2133 571 2171 quum
609 2122 742 2161 altero
783 2122 876 2167 loco
907 2121 1095 2175 (Fragm.
1128 2122 1188 2173 ΙΙ)
1222 2123 1457 2164 Metallicos
1487 2125 1539 2165 ad
1566 2124 1705 2165 incer-

223 2194 311 2228 tum
343 2194 555 2231 auctorem
586 2193 833 2241 rettulisset,
854 2193 996 2239 ,altero
1026 2194 1213 2245 (Fragm.
1235 2193 1316 2244 ΙΙΙ)
1348 2207 1430 2234 non
1461 2196 1584 2235 modo
1614 2197 1706 2236 nul-

223 2259 307 2299 lam
339 2260 392 2299 de
425 2260 682 2302 Pherecrate
714 2263 881 2303 fabulae
912 2268 1084 2303 auctore
1116 2265 1417 2305 dubitationem
1447 2266 1603 2316 iniecit,
1631 2267 1706 2308 sed
1755 2268 1760 2269 ⁷

223 2329 348 2369 etiam
380 2334 544 2382 tempus
575 2345 657 2384 quo
700 2335 811 2373 edita
849 2333 930 2372 suit
967 2335 1039 2374 illa
1077 2335 1218 2375 fabula
1248 2336 1347 2375 satis
1379 2341 1571 2378 accurate
1598 2337 1718 2378 indi?

223 2401 353 2449 cavit3
396 2402 534 2441 medio
574 2404 683 2441 enim
705 2417 812 2446 ,eam
854 2405 946 2444 loco
990 2406 1107 2457 ponit
1135 2407 1246 2446 inter
1276 2406 1503 2447 Teleclidis
1536 2409 1705 2460 Amphio

223 2471 383 2510 ctionas
425 2474 467 2509 et
498 2472 744 2522 'l'agenistas
784 2475 1098 2525 Aristophanis:
1137 2490 1186 2516 ex
1224 2490 1305 2528 quo
1342 2482 1458 2516 recte
1496 2479 1707 2518 concludit

222 2539 304 2579 Th.
347 2541 550 2593 Bergkius
594 2555 634 2593 p.
669 2543 748 2581 291
802 2544 1038 2584 Metallicos
1087 2547 1348 2586 Athenaeum
1385 2548 1427 2585 in
1467 2549 1704 2598 grammati-

175 2646 178 2648 .
222 2620 365 2648 corum
396 2613 559 2662 scriptis
589 2617 782 2663 tanquam
814 2613 1079 2654 Pherecratis
1117 2616 1299 2655 fabulam
1339 2622 1702 2658 commemoratam

221 2680 471 2732 repperisse.
537 2683 621 2721 Sed
659 2684 765 2724 haec
802 2685 920 2737 siqua
952 2690 1016 2724 est
1046 2685 1271 2726 difficultas
1300 2687 1357 2726 ita
1386 2686 1553 2726 videtur
1591 2701 1703 2728 com-

220 2750 319 2801 poni
359 2763 495 2802 posse.
562 2753 711 2795 Docuit
749 2768 896 2797 revera
921 2755 1204 2809 ,Pherecrates
1243 2756 1429 2798 fabulam
1462 2755 1703 2806 Μεταλλῆς
