1786 3210
237 181 323 226 524
764 207 767 210 <
826 177 1133 224 EUPOLIDIS

239 294 446 351 Bergkius
476 295 657 338 coniecit
686 285 920 337 Comment.
953 309 994 348 p.
1026 295 1124 336 360.
1200 293 1358 336 Sensus
1388 298 1471 346 est,
1489 283 1607 353 'quid
1631 286 1727 340 sub·

193 378 195 380 ’
241 366 522 412 auscultando
566 363 842 423 aucupamini
883 367 1075 420 poeticos
1115 361 1229 407 meos
1263 368 1469 420 furores?
1526 369 1728 412 Ceterum

239 442 312 483 hic
341 438 518 483 maxime
548 441 666 481 locus
695 439 922 492 Bergkium
954 440 1230 479 commovisse
1261 439 1438 489 videtur,
1469 445 1515 481 ut
1544 440 1729 484 fabulam

239 513 349 555 hanc
385 514 427 554 in
459 511 815 564 Euthyphronem
856 510 1053 562 scriptam
1095 523 1188 551 esse
1220 512 1458 552 coniiceret.
1529 514 1591 555 Ac
1630 526 1730 555 con-

241 585 356 626 venit
387 597 488 625 sane
519 595 613 622 cum
644 582 965 635 Euthyphronis
994 581 1177 633 ingenio,
1210 583 1334 634 quale
1363 583 1469 623 illud
1499 597 1522 624 a
1553 584 1730 626 Platone

241 656 493 698 describitur
523 666 618 693 cum
648 653 740 694 aliis
770 653 872 694 locis
901 667 924 692 a
953 653 1136 706 Bergkio
1167 667 1208 706 p.
1239 655 1323 694 360
1363 655 1522 705 allatis,
1560 658 1649 696 tum
1686 657 1730 698 in

241 727 412 780 Cratylo
441 740 484 780 p.
502 725 586 765 409
609 724 660 765 d:
690 720 741 763 τὸ
773 722 861 779 πῦρ
890 718 1057 778 ἀπορῶ,
1088 723 1164 763 καὶ
1192 720 1434 766 κινδυνεύει
1463 721 1563 775 ἤτοι
1593 722 1621 777 ἡ
1652 724 1732 768 τοῦ

240 791 544 852 Εὐθύφρονός
571 808 626 849 με
666 793 817 849 μοῦσα
858 793 1183 836 ἐπιλελοιπέναι
1220 790 1249 845 ἢ
1279 790 1411 838 ’τοῦτό
1438 810 1482 837 τι
1512 784 1735 853 nancile-¹

241 880 330 912 πον
358 858 487 910 εἶναι.
559 867 644 908 Sed
682 881 834 910 vereor
879 881 933 910 ne
974 868 1085 910 iusto
1125 868 1379 923 suspicacior
1414 868 1546 913 fucrit
1573 872 1636 917 vir
1663 872 1730 915 in-

241 941 572 998 geniosissimus.

966 1052 1018 1094 V.

661 1131 747 1177 ”H
772 1134 917 1187 πηλὸν
946 1131 1147 1192 ὀργάζειν
1176 1132 1287 1177 τινά.

353 1252 587 1296 Scholiasta
617 1250 905 1303 Aristophanis
935 1253 1011 1292 Av.
1032 1252 1138 1291 840:
1171 1246 1370 1306 ὄργασον
1400 1249 1503 1293 ἀντὶ
1534 1251 1614 1294 τοῦ
1641 1251 1730 1308 μά-

241 1324 391 1379 λαξον.
455 1318 652 1370 Εὔπολις
687 1319 1026 1377 Προσπαλτίοις
1064 1315 1135 1361 'H
1167 1321 1310 1374 πηλὸν
1358 1320 1574 1381 ὀργιάζειν
1613 1324 1728 1371 τινά.

243 1397 437 1442 Correxit
465 1394 743 1447 Ruhnkenius
774 1394 827 1435 ad
857 1394 966 1436 Tim.
997 1407 1039 1448 p.
1072 1395 1170 1436 180.

954 1547 1027 1590 V1.

356 1661 590 1705 Scholiasta
619 1659 807 1701 Platonis
835 1660 968 1701 Bekk,
987 1674 1028 1714 p.
1048 1660 1155 1702 391:
1187 1658 1411 1716 Κρατῖνος
1441 1659 1487 1702 δὲ
1513 1657 1732 1722 Ὀμφάλῃ

242 1744 462 1790 τιραννον
499 1727 643 1782 αὐτὴν
685 1732 965 1785 (Aspasiam)
1002 1730 1148 1783 καλεῖ,
1189 1728 1364 1788 Χείρων
1405 1729 1598 1783 Εὔπολις
1644 1735 1728 1786 (Di-

244 1804 361 1855 2019·
400 1803 447 1846 ἐν
477 1799 894 1860 δὲ“Προσπαλτίοις
925 1798 1151 1854 Ἑλένην
1190 1799 1332 1856 αὐτὴν
1359 1804 1495 1856 καλεῖ,
1554 1809 1646 1851 Dixi
1677 1811 1739 1860 de⁴

243 1872 324 1920 hoc
352 1878 446 1919 loco
477 1877 530 1918 ad
560 1864 719 1919 Cratini
751 1876 864 1918 Chir.
895 1889 938 1931 p.
971 1876 1054 1916 148
1083 1889 1143 1930 sq.
1477 1864 1479 1869 ¹
1720 1865 1740 1870 '⁷

575 2233 1396 2288 ΤΑΞΙΑΡΧΟΙ.

362 2366 426 2407 De
469 2365 642 2406 consilio
689 2369 732 2406 et
778 2371 1024 2419 argumento
1069 2368 1192 2410 huius
1236 2369 1404 2410 fabulae
1449 2371 1729 2414 coniecturam

246 2437 508 2494 periclitatus
538 2450 629 2477 sum
661 2438 770 2478 Hist.
803 2439 895 2479 crit.
926 2453 967 2492 p.
1000 2439 1098 2480 143.
1168 2442 1231 2481 De
1271 2446 1482 2494 tempore,
1525 2455 1607 2495 quo
1638 2457 1730 2484 eam

246 2512 291 2552 in
315 2513 526 2551 certamen
543 2509 750 2549 commisit
767 2510 958 2561 Eupolis,
984 2511 1028 2550 in
1058 2511 1301 2564 fragmentis
1331 2513 1491 2553 nullum
1520 2513 1729 2562 indicium,

247 2582 326 2622 nisi
356 2581 468 2633 quod
507 2593 676 2633 magnas
706 2580 970 2620 Phormionis
1013 2587 1152 2634 partes
1191 2583 1231 2622 in
1275 2597 1324 2623 ea
1363 2583 1495 2623 fuisse
1531 2583 1727 2636 intelligi-

246 2664 353 2694 mus·
419 2652 500 2693 Vix
537 2652 666 2705 igitur
705 2652 846 2691 doceri
877 2653 1014 2704 potuit
1044 2657 1138 2705 post
1167 2654 1345 2706 primum
1376 2667 1528 2694 annum
1560 2654 1727 2708 Olymp.

247 2721 529 2771 LXXXVIII,
558 2735 639 2774 quo
670 2717 842 2762 ineunte
872 2721 1169 2765 Phormionem
1201 2716 1355 2765 obiisse
1385 2737 1436 2766 ex
1466 2725 1660 2780 Thucyth
1686 2726 1728 2767 11

247 2794 333 2835 103
363 2795 407 2835 et
436 2792 498 2833 llI
528 2792 554 2833 7
584 2794 858 2846 probabiliter
887 2793 1062 2836 efficias.
