1786 3210
754 190 962 238 ΑΙΓΕΣ.
1525 201 1609 244 485

128 312 290 355 Herod.
319 326 361 366 p.
392 311 450 352 44
478 311 702 365 legendum
734 304 890 358 οὐσίας
949 336 1004 343 -—
1051 310 1166 351 Idem
1197 325 1238 365 p.
1268 311 1325 352 84
1357 314 1424 355 19.
1462 313 1609 356 Βου-

120 381 428 425 κολεῖσθαι
468 372 651 436 αἷγαςε
691 376 887 428 Εὔπολις
915 373 1059 432 Αἰξίν.
1122 379 1435 436 ἱπποβουκολῶ
1474 382 1611 441 Εὐρι-

119 451 261 505 πίδης
301 450 581 502 Φοινίσσαις.
646 454 748 495 Scil.
785 467 848 495 vs.
885 453 955 494 28.
994 453 1065 494 ubi
1104 467 1143 494 v.
1175 455 1508 498 Valckenarium.
1553 484 1610 492 —

127 528 245 568 Idem
277 541 318 581 p.
349 527 401 567 91
434 528 504 567 29.
541 520 977 575 Ἐλελήθεισανε
1016 525 1129 578 μετὰ
1165 523 1244 575 τῆς
1273 523 1358 567 θᾶ.
1417 523 1611 577 Εὔπολις
1643 534 1646 538 ’

126 594 274 650 Αἰξίν.
333 599 415 638 Pro
444 594 517 637 θᾶ
545 598 772 651 legendum
802 610 853 648 ει,
883 601 930 638 ut
959 597 1091 638 voluit
1115 598 1349 639 Lobeckius
1380 599 1431 639 ad
1452 599 1609 654 Phryn-

127 684 171 724 p.
203 669 299 719 150,
351 669 422 722 qui
467 670 615 710 calami
657 683 801 710 errore
840 668 1057 722 scripsisse
1094 669 1258 708 videtur
1295 665 1607 718 ἐληλύθεισαν.

129 744 326 783 Ceterum
364 741 429 781 cfr
467 741 580 782 Hist.
611 741 702 781 crit.
733 755 775 794 p.
808 741 906 781 113.
951 766 1008 773 -—-
1052 740 1168 780 Idem
1198 754 1239 793 p.
1271 741 1327 781 92
1358 742 1399 782 9.
1441 738 1610 782 Ἐλει-

127 808 247 855 νόνε
295 806 397 851 ἀντὶ
437 810 517 852 τοῦ
557 807 756 853 ἐλεεινόν.
825 806 1017 858 Εὔπολις
1047 805 1193 861 Αἰξίν.
1260 812 1323 852 De
1358 813 1424 855 his
1463 813 1611 858 formis

126 884 222 926 vide
253 884 529 926 Fritzschium
559 883 613 924 ad
642 882 931 937 Aristophanis
961 882 1219 936 Thesmoph.
1248 896 1291 937 p.
1322 884 1421 926 456.

651 1005 824 1048 XXVII.
884 1007 1082 1049 XXVIII.

236 1090 397 1132 Moeris
410 1104 451 1144 p.
471 1090 552 1130 191
584 1091 641 1131 20
665 1091 876 1133 ed.Bekk.
904 1086 1136 1139 Ἀνακέςε
1167 1086 1387 1142 ὀξυτόνως
1412 1087 1611 1147 Ἀττικοί,

122 1157 183 1211 ὥς
219 1161 295 1202 καὶ
331 1156 525 1209 Εὔπολις
563 1154 709 1212 Αἰξίν.
770 1157 1103 1216 ἀθεράπευτον,
1136 1157 1417 1213 Ἑλληνικαῖς.
1476 1165 1613 1208 Recte

124 1247 201 1290 pro
232 1227 475 1283 ἀνήκεστον
500 1234 655 1275 dictum
685 1234 851 1275 videtur
868 1234 1084 1275 Piersono.
1115 1260 1169 1268 —-
1203 1235 1467 1288 Phrynichus
1479 1236 1611 1278 Bekk.

124 1320 167 1360 p.
200 1306 253 1346 16
298 1306 368 1346 20.
417 1300 941 1359 ’Λνεσκιρτημέναςε
991 1299 1185 1352 Εὔπολις
1226 1303 1298 1344 ἐπὶ
1343 1303 1432 1345 τῶν
1473 1300 1614 1360 αἰγῶν

125 1366 219 1417 εἶπε
255 1371 338 1425 τὴν
374 1374 503 1427 λέξιν.
569 1377 635 1419 Ad
669 1376 829 1431 Caprae
860 1377 958 1429 quin
988 1375 1095 1417 haec
1133 1377 1393 1430 pertineant,
1431 1378 1612 1420 dubitari

127 1462 211 1491 non
249 1451 401 1502 potest.
1418 1457 1422 1460 '

239 1519 464 1560 Praeterea
500 1519 608 1559 hanc
644 1518 828 1559 fabulam
867 1522 1166 1558 commemorat
1207 1519 1430 1561 scholiasta
1468 1522 1613 1563 Theo-

122 1591 221 1631 criti
249 1591 288 1634 V
325 1591 374 1640 1,
416 1591 468 1631 de
510 1603 591 1644 quo
630 1591 723 1631 loco
762 1590 844 1630 dixi
881 1590 992 1630 Hist.
1023 1590 1114 1630 crit.
1155 1603 1197 1643 p.
1235 1590 1332 1632 114.
1403 1593 1465 1633 De
1505 1597 1613 1634 tem-

124 1673 230 1715 pore
264 1661 433 1702 fabulae
473 1662 555 1702 hoc
583 1674 713 1702 unum
743 1661 890 1700 afferri
919 1665 1083 1714 potest,
1126 1675 1218 1702 eam
1258 1667 1354 1703 ante
1385 1664 1614 1720 Hipponicfi

125 1733 323 1785 (Fragm.
353 1732 481 1784 XIX)
513 1733 692 1782 obitum,
728 1734 799 1785 qui
827 1733 871 1774 in
903 1733 1069 1786 Olymp.
1102 1733 1315 1775 LXXXIV
1346 1734 1517 1786 incidit,
1567 1736 1613 1778 in

126 1817 293 1845 scenam
325 1816 420 1845 esse
450 1804 669 1856 prolatam.
730 1806 822 1856 Qua
853 1804 906 1844 de
934 1818 982 1844 re
1012 1804 1208 1844 admonui
1238 1805 1318 1845 iam
1350 1807 1522 1858 Quaest.
1553 1819 1611 1848 sc.

126 1875 145 1916 1
174 1889 216 1929 p.
247 1874 318 1916 41.
377 1875 485 1918 Vide
515 1888 625 1917 nunc
654 1875 779 1916 etiam
810 1875 893 1917 Th.
923 1875 1151 1928 Bergkium
1183 1876 1417 1920 Comment.
1447 1891 1488 1932 p.
1513 1877 1613 1918 336.

327 2188 633 2231 ΛΣΤΡΑἸῈ
641 2188 674 2230 Υ
677 2187 787 2230 ΤΟΙ
813 2189 865 2230 Η
898 2187 1330 2232 ΑΝΛΡΟΓΥΝΑΙ.
1370 2190 1408 2243 *)

297 2391 577 2452 Πείσανδρος
606 2391 667 2445 εἰς
698 2395 947 2439 Πακτωλὸν
976 2394 1274 2454 ἐστρατεύετο,

294 2476 537 2522 κάνταῦθα
566 2480 645 2532 τῆς
674 2481 889 2539 στρατιᾶς
918 2479 1123 2532 κάκιστος
1151 2472 1209 2535 ἦν
1238 2478 1366 2538 ἁνήρ.

238 2595 470 2638 Scholiasta
500 2596 715 2652 Aristoph.
747 2600 823 2640 Av.
856 2598 967 2640 1555
1006 2600 1059 2640 de
1091 2597 1318 2640 Pisandrm
1353 2586 1481 2644 οὗτος
1520 2593 1610 2636 δει-

129 2659 203 2714 λὸς
229 2654 300 2716 ἦν.
344 2655 492 2718 ἦλθεν
519 2656 600 2707 οὖν
629 2665 782 2724 ψυχὴν
811 2663 922 2712 ἰδεῖν
950 2668 1122 2722 θέλων,
1152 2667 1246 2710 ἐπεὶ
1275 2662 1355 2708 οὐκ
1384 2656 1507 2723 εἶχεν.
1550 2664 1609 2716 ὡς

223 2811 256 2853 ‘)
280 2811 320 2845 V.
345 2811 435 2849 nist.
460 2815 537 2852 crit.
562 2828 596 2862 p.
623 2817 704 2854 116.

1236 2879 1293 2919 28
1323 2883 1341 2899 ¹*
