1786 3210
217 185 305 229 430
812 185 1119 230 EUPOLIDIS

763 359 837 403 Vl.
896 360 991 403 Vll.
1051 359 1168 402 Vssl.

448 440 542 482 Καὶ
572 440 649 493 τῆς
679 438 874 493 λοπάδος
905 441 1039 486 ἔνεισι
1069 441 1120 484 δ’
1151 440 1315 499 ἑψητοί
1341 458 1468 496 τινες.

335 557 512 599 Photius
543 571 584 611 p.
615 559 671 600 47
703 560 743 600 6.
775 554 995 612 “Εψητοι’;
1027 558 1355 610 πληθυντικῶς.
1413 558 1470 602 τά
1499 555 1710 616 ἰχθύδια·
1764 561 1766 583 ³

220 626 278 679 ὥς
316 624 478 682 ἆφυῖαι
516 626 719 686 (ἀφύαι)
758 631 834 671 καὶ
871 627 1135 685 μεμβράδες.
1207 628 1401 682 Εὔπολις
1441 627 1575 685 Αἰξίν
1615 633 1711 676 Καὶ

221 699 300 751 τῆς
330 695 526 748 λοπάδος
554 700 645 744 κτλ.
695 704 839 745 Codex
871 697 1097 751 λοιπάδος.
1161 705 1369 746 Porsonus
1399 706 1584 746 distinxit
1615 712 1714 760 post

221 768 431 820 λοπάδος.
493 773 665 815 Rectius
696 774 877 816 fortasse
909 775 1066 815 scribas
1098 769 1258 814 ἔνεισιν
1287 773 1471 827 ἑψητοί,
1513 785 1560 818 ut
1597 779 1714 832 geni-

222 845 297 886 tivi
328 845 539 898 pendeant
569 846 619 886 ab
653 841 827 888 ἔνεισιν.
887 845 1120 899 Sophocles
1153 847 1334 889 Philoct.
1367 849 1471 888 649:
1504 845 1547 887 τί
1577 845 1716 890 τοῦθ’

223 911 252 959 ὃ
277 915 339 971 μὴ
371 912 476 964 νεώς
507 930 553 969 γε
584 915 661 965 τῆς
690 914 797 971 ἐμῆς
828 913 907 959 ἔνι.
939 908 945 913 ’
981 920 1238 970 Quamquam
1280 919 1362 960 hoc
1401 920 1470 959 alii
1501 921 1623 961 aliter
1651 923 1717 962 in-

222 993 520 1044 terpretantur.
591 991 645 1030 At
674 990 928 1031 simillimum
962 995 1026 1028 est
1056 987 1315 1041 ἐμβατεύειν
1342 987 1581 1046 πατρίδος,
1620 1006 1713 1034 cum

224 1063 315 1104 aliis
359 1060 603 1114 quibusdam
650 1062 820 1102 allatum
867 1074 891 1101 a
936 1060 1121 1113 Reisigio
1167 1062 1218 1101 ad
1265 1062 1370 1103 Oed.
1411 1063 1502 1104 Col.
1544 1076 1584 1117 p.
1616 1064 1714 1105 247.
1785 1069 1786 1101 ἱ

225 1134 424 1176 Ceterum
473 1131 614 1172 Photii
663 1133 888 1172 admonitio
936 1132 987 1172 ad
1038 1134 1402 1185 grammaticorum
1455 1135 1715 1187 quorundam
1784 1126 1786 1150 ³

224 1208 498 1260 praeceptum
529 1207 703 1256 spectat,
734 1198 927 1257 ἑψητοὺς
956 1198 1104 1257 ἀφύας
1135 1209 1177 1243 et
1195 1195 1468 1259 μεμβράδας,
1501 1216 1607 1257 quae
1637 1206 1715 1245 mi-

223 1281 421 1318 nutorum
451 1274 745 1328 pisciculorum
777 1275 941 1315 nomina
971 1280 1090 1324 sunt,
1135 1288 1217 1316 non
1249 1277 1327 1316 nisi
1359 1276 1510 1330 plurali
1539 1289 1714 1317 numero

228 1347 385 1390 efferri.
455 1344 531 1386 Cfr
562 1345 804 1387 Athenaeus
836 1346 891 1388 Vl
923 1360 965 1399 p.
995 1346 1079 1386 285
1097 1359 1134 1387 e.
1176 1351 1218 1387 et
1245 1347 1326 1387 301
1351 1349 1390 1388 b.
1430 1342 1714 1402 Μεμβράδας

225 1421 269 1462 in
309 1419 455 1460 eadem
493 1417 573 1458 hac
611 1417 752 1458 fabula
783 1418 963 1470 Eupolin
1005 1430 1353 1460 commemorasse
1391 1420 1503 1460 idem
1540 1424 1718 1461 testatur

226 1491 309 1534 Vll
338 1504 380 1544 p.
411 1489 495 1530 287
515 1503 559 1529 e:
599 1485 644 1527 ἐν
676 1486 722 1528 δὲ
752 1489 849 1536 ταῖς
879 1483 1126 1536 Εὐπόλιδος
1156 1483 1289 1540 Αἰξὶν
1320 1485 1442 1530 ἔστιν
1471 1485 1610 1544 εὑρεῖν
1639 1488 1715 1529 καὶ

229 1558 305 1603 διὰ
333 1576 367 1615 μ
397 1556 702 1616 γραφόμενον,
739 1561 828 1601 scil.
866 1555 1192 1613 μεμβράδες
1222 1575 1297 1614 pro
1330 1556 1589 1617 βεμβράδες.
1650 1562 1715 1603 Ex

230 1634 379 1676 eadem
410 1632 608 1672 dramatis
638 1636 758 1685 parte
799 1632 1033 1673 afferuntur
1070 1634 1120 1673 ab
1152 1633 1369 1674 Athenaeo
1397 1633 1474 1676 Vll
1503 1646 1546 1687 p.
1576 1633 1714 1674 3012.

230 1706 363 1747 haec:
393 1697 587 1750 Εὔπολις
617 1696 751 1753 Αἰξίν

447 1762 505 1814 Ὦ
542 1768 781 1828 Χάριτες
812 1764 932 1813 αἷσι
961 1770 1234 1828 μέλουσιν
1264 1769 1477 1827 ἑψητοί.

231 1849 316 1892 Ubi
346 1847 530 1889 fortasse
561 1837 633 1894 αἷς
663 1846 952 1895 scribendum3
983 1851 1079 1886 ante
1111 1847 1400 1888 casaubonum
1435 1843 1688 1900 μέλλουσιν.

875 1970 934 2011 lX
966 1984 1002 2011 a.
1033 1971 1072 2011 b.

314 2051 593 2111 Ἐπίσταμαι
621 2052 704 2111 γὰρ
735 2049 949 2108 αἰπολεῖν,
979 2051 1205 2106 σκάπτειν,
1235 2052 1352 2102 νεᾶν,
1386 2050 1603 2109 φυτεύειν.

346 2170 524 2211 Photius
555 2184 596 2223 p.
628 2171 711 2210 290
741 2171 810 2211 20.
841 2166 986 2211 Νεᾶν;
1029 2165 1081 2210 οὐ
1119 2165 1245 2209 νεοῦν
1274 2167 1356 2217 τὴν
1384 2165 1480 2220 γῆν,
1509 2167 1585 2207 καὶ
1615 2179 1714 2211 νεα-

231 2237 312 2283 τόν
340 2235 572 2296 Ξενοφῶν,
601 2236 652 2280 οὐ
682 2239 852 2282 νέωσιν.
910 2236 1105 2289 Εὔπολις
1135 2234 1269 2290 Αἰξίν
1304 2233 1585 2292 Ἐπίσταμαι
1620 2237 1712 2279 κτλ.

235 2315 312 2357 Cfr
352 2313 654 2367 Aristophanes
695 2314 769 2354 Av.
803 2314 938 2354 1432:
977 2310 1019 2352 τί
1059 2309 1144 2365 γὰρ
1181 2306 1344 2362 πάθω,
1386 2305 1598 2350 σκάπτει-ν
1634 2306 1718 2365 γὰρ

233 2383 310 2427 οὐκ
339 2381 597 2438 ἐπίσταμαι.
666 2385 871 2425 Aristides
902 2385 980 2426 vol.
1014 2386 1051 2425 11
1082 2385 1187 2425 517:
1225 2374 1318 2430 οἷος
1355 2375 1419 2422 ὧν
1448 2380 1524 2436 ἐμὲ
1556 2381 1718 2423 νουθε-

234 2458 341 2508 τεῖς,
380 2455 458 2505 τῆς
488 2452 729 2509 παροιμίας
761 2468 832 2495 σοι
864 2451 1074 2506 λεγοίσης
1111 2449 1322 2494 αἰπολεῖν.
1392 2454 1431 2494 ls
1461 2467 1584 2506 quem
1614 2455 1718 2494 hacc

236 2531 444 2570 dicentem
479 2527 581 2568 fecit
622 2527 821 2580 EupoliS‚
862 2541 1031 2580 magnas
1071 2527 1182 2567 haud
1220 2526 1344 2565 dubie
1381 2524 1421 2564 in
1459 2525 1537 2564 hac
1575 2523 1716 2563 fabula

236 2606 375 2654 partes
406 2600 563 2640 habuit.
631 2599 747 2638 Idem
790 2599 1030 2650 compellari
1064 2597 1227 2637 videtur
1265 2598 1306 2636 in
1338 2596 1419 2635 hoc
1449 2595 1558 2644 loco,
1588 2606 1714 2646 quem

237 2668 390 2711 omisso
422 2670 603 2710 auctoris
629 2674 671 2709 et
696 2668 862 2709 fabulae
891 2668 1055 2708 nomine
1075 2668 1252 2708 servavit
1265 2666 1568 2706 Grammaticus
1585 2665 1714 2705 Bekk.
1771 2698 1774 2700 .

237 2741 394 2785 Anecd.
426 2755 467 2794 p.
498 2739 582 2779 353
613 2741 682 2781 26.
718 2732 965 2791 Αἰγιάζεινε

430 2806 506 2850 Σὺ
536 2806 588 2849 δ’
618 2804 893 2862 αι’γιάζεις
922 2805 1135 2849 ἐνθαδὶ
1163 2800 1520 2860 καθήμενος,
