1786 3210
396 94 931 140 EMHIHPAMENOI
966 96 1025 139 Η
1061 96 1282 142 ΙΛΛΙΟΙ.
1500 98 1576 140 μὃὸ

13 238 16 242 ι
61 209 176 271 ..φῶν
215 211 262 255 δὲ
292 207 353 263 εἷς
384 211 434 255 τὸ
466 210 708 272 βάραθρον
736 211 1030 267 ἐμβληθέντα
1059 209 1340 264 ἀποθανεῖν,
1377 213 1457 255 καὶ
1494 209 1577 263 τὴν

12 317 13 320 ¹
62 281 241 327 οὐσίαν
284 282 572 328 ἀπολέσαντα
619 282 671 326 τὸ
725 281 887 333 ἄνθος.
945 285 1023 326 καὶ
1065 282 1090 327 ὁ
1135 286 1354 342 Κρατῖνος
1402 283 1448 325 ἐν
1484 284 1576 334 τοῖς

63 351 228 408 ,Ἶδιόις
258 354 494 412 (Ἴδαιόις)
524 355 605 408 τὰς
632 354 772 407 θείας
803 354 982 413 μορφὰς
1013 356 1060 398 ἐν
1089 353 1201 416 ἀρχῇ
1232 353 1468 414 (μανείσας.
1525 358 1572 399 In

71 430 139 473 his
169 445 277 486 quae
309 433 362 473 de
392 433 580 474 cannoni
610 431 898 485 psephismate
941 431 1198 481 afferuntur,
1237 445 1319 472 non
1351 430 1403 470 ad
1435 430 1571 470 Crati-

71 516 172 545 num
203 508 396 557 spectare
426 505 642 554 videntur,
684 503 759 544 sed
791 503 842 543 ad
874 503 1118 553 Craterum,
1157 503 1210 542 de
1250 504 1367 545 cuius
1406 502 1570 554 sylloge

71 570 394 628 ψηφισμάτων,
427 589 534 629 quae
565 578 688 616 etiam
732 575 824 615 aliis
867 575 972 615 locis
1003 589 1028 615 a
1057 575 1292 615 scholiastis
1323 573 1570 625 Aristopha-

71 647 138 688 nis
168 647 377 697 laudatur,
410 648 490 689 alio
524 653 717 701 tempore
749 648 883 687 dicam
915 648 1138 700 copiosius.
1171 647 1344 686 Interim
1377 645 1472 685 vide
1490 645 1566 684 Hi-

71 721 174 761 stor.
220 719 311 760 crit.
350 732 392 772 p.
435 720 513 770 56,
563 720 636 760 ubi
681 720 807 759 etiam
846 720 1083 772 exemplum
1123 719 1302 759 nominis
1344 712 1569 772 Κρατερὸς

69 790 188 840 (sive
219 784 472 845 Κράτερος)
503 791 545 832 in
579 789 802 845 Κρατῖνος
833 791 1047 843 depravati
1086 792 1456 830 commemoratum
1487 792 1567 830 est.

68 860 347 902 scribendum
387 863 516 915 igitur
546 858 775 922 Κρατερὸς
814 859 860 901 δὲ
889 860 966 900 καὶ
995 857 1105 916 πρὸς
1135 857 1394 916 κλεψύδραν
1422 856 1567 900 κελεῦ-

66 944 146 973 σαι
181 933 223 974 h.
256 946 293 974 e.
326 934 524 974 Craterus
567 935 796 975 memoriae
837 934 1044 987 prodidit,
1092 935 1337 975 Cannonum
1375 934 1447 973 illo
1490 933 1565 973 de-

65 1010 181 1046 creto
213 1005 338 1045 etiam
370 1005 451 1044 hoc
481 1003 720 1056 sancivisse,
751 1011 798 1047 ut
829 1006 900 1059 qui
929 1005 1088 1059 publici
1120 1006 1302 1046 criminis
1332 1018 1431 1045 reus
1463 1018 1564 1058 age-

64 1082 184 1118 retur
222 1076 274 1116 ad
304 1076 566 1129 clepsydram
605 1091 793 1119 caussam
825 1082 1057 1131 peroraret.
1127 1078 1217 1117 Nec
1255 1078 1386 1130 magis
1426 1076 1561 1116 altero

65 1149 158 1189 loco
177 1148 336 1189 Cratini
368 1150 651 1190 testimonium
684 1150 735 1190 ad
755 1149 944 1190 Cannoni
970 1149 1186 1190 decretum
1205 1150 1419 1202 pertinere
1449 1148 1562 1188 arbi-

64 1222 167 1261 tror.
187 1219 374 1260 Primum
395 1225 489 1274 post
508 1217 667 1261 οὐσίαν
684 1221 921 1263 addendum
933 1219 1159 1276 δημοσίαν
1178 1210 1306 1271 εἶναι,
1325 1221 1413 1261 sive
1430 1221 1560 1262 mavis

64 1288 367 1345 δημευθῆναι.
401 1292 441 1343 *)
507 1293 641 1334 Docet
679 1294 761 1333 hoc
798 1295 890 1347 ipse
935 1295 1033 1344 ille,
1071 1307 1197 1347 quem
1236 1294 1484 1334 scholiastes
1515 1293 1558 1335 in

62 1364 200 1405 animo
230 1363 399 1411 habuit,
439 1364 557 1404 locus
590 1366 882 1419 Xenophontis
913 1367 1084 1408 Hellen.
1118 1368 1136 1408 1
1166 1367 1194 1407 7
1225 1367 1304 1407 21:
1342 1362 1394 1404 τὸ
1425 1363 1559 1404 Καν-
1588 1404 1591 1408 .

60 1430 204 1477 νώνου
245 1429 467 1489 ψήφισμα
511 1462 568 1470 --
609 1431 770 1476 κελεύει
809 1431 888 1476 ε’ἀν
926 1449 991 1485 τις
1028 1433 1108 1477 τὸν
1150 1435 1238 1478 τῶν
1277 1431 1558 1485 Ἀθηναίων

59 1503 206 1561 δῆμον
236 1500 381 1563 ἀδικῇ,
412 1503 646 1562 δεδεμένον
674 1503 906 1548 ἀποδικεῖν
935 1506 982 1548 έν
1006 1506 1066 1566 τῷ
1090 1504 1228 1566 δήμῳ,
1260 1507 1336 1549 καὶ
1365 1505 1443 1547 ἐὰν
1471 1522 1557 1547 κα-

58 1575 309 1636 ταγνωσθῇ
338 1573 519 1630 ἀδικεῖν,
552 1575 855 1621 ἀποθανόντα
886 1578 928 1629 ἐς
959 1577 1009 1620 τὸ
1041 1576 1285 1637 βάραθρον
1314 1577 1555 1634 ἐμβληθῆ-

58 1662 148 1702 ναι,
189 1648 257 1690 τὰ
299 1647 354 1690 δὲ
389 1645 663 1706 χρήματα
703 1647 875 1693 αὐτοῦ
915 1650 1315 1706 δημευθῆναι,
1360 1651 1436 1692 καὶ
1473 1649 1554 1702 τῆς

55 1719 175 1765 θεοῦ
203 1718 254 1763 τὸ
284 1719 545 1764 ἐπιδέκατον
568 1714 702 1766 εἶναι.
738 1726 824 1767 Iam
852 1740 958 1779 quae
981 1732 1214 1779 sequuntur
1233 1727 1360 1766 verba
1390 1719 1552 1766 ἀπολέ-

57 1808 205 1838 σαντα
235 1790 287 1834 τὸ
317 1789 490 1845 ἄνθος,
531 1811 580 1837 ea
621 1798 747 1838 nullis
778 1811 960 1851 unquam
992 1798 1194 1839 machinis
1226 1798 1388 1838 efficies
1418 1801 1466 1838 ut
1496 1797 1551 1839 ad

0 1860 167 1927 lacum,
199 1868 266 1908 cui
283 1866 490 1921 adscripta
512 1874 624 1920 sunt,
654 1869 947 1923 Aristophanis
978 1870 1117 1910 locum
1147 1870 1440 1911 illustrandum
1472 1870 1547 1911 ali-

38 1941 156 1997 >quid
169 1939 337 1982 faciant.
355 1938 443 1980 Sed
459 1940 572 1981 salva
589 1954 657 1982 res
676 1945 751 1982 est.
777 1941 998 1983 Pertinent
1013 1943 1126 1983 haud
1145 1942 1272 1983 dubie
1289 1943 1342 1984 ad
1360 1957 1398 1985 v,
1413 1943 1548 1984 1166:

661 2008 777 2053 πολὺ
806 2007 849 2052 δ’
885 2008 1210 2069 ὑπερπέπαικεν
1243 2003 1304 2056 αὗ

226 2077 396 2134 (τούτων
425 2077 637 2124 ἁπάντων
667 2081 722 2125 τὰ
758 2080 895 2126 Θάσι’
927 2081 1215 2142 ἀμφορείδια.

225 2149 276 2193 ἐν
305 2151 361 2211 τῇ
389 2153 562 2214 κεφαλῇ
592 2152 676 2211 γὰρ
708 2155 883 2212 ἐμμένει
914 2155 1056 2199 πολὺν
1081 2152 1266 2215 χρόνον·

223 2220 280 2264 τὰ
310 2221 355 2265 δ’
387 2222 490 2267 ἄλλ’
520 2224 942 2280 ἀπανθήσαντα
972 2225 1109 2272 πάντ’
1143 2227 1390 2271 ἀπέπτατο.

55 2292 141 2335 Ubi
161 2292 245 2335 hoc
269 2297 456 2339 scholion
486 2300 667 2353 legitur.
696 2297 755 2350 ὠς
785 2300 858 2342 ἐπὶ
885 2314 972 2344 των
1001 2296 1162 2342 ἀνθῶν
1190 2291 1284 2342 εἶπε
1314 2298 1365 2342 τὸ
1394 2295 1544 2341 ἀπαν-

53 2359 292 2417 θήσαντα,
320 2361 422 2408 ἀντὶ
452 2368 532 2410 τοῦ
562 2368 861 2426 ξηρανθέντα.
895 2375 1101 2427 Apertum
1132 2379 1197 2416 est
1219 2374 1271 2415 ad
1290 2374 1373 2415 hoc
1402 2373 1541 2428 ipsum

133 2537 164 2583 ²)
190 2537 362 2572 Similiter
385 2539 479 2574 idem
504 2539 692 2576 scholiasta
717 2543 760 2576 ad
785 2544 943 2578 eiusdem
968 2543 1107 2578 fabulae
1131 2556 1181 2579 vs.
1208 2544 1299 2579 1052
1325 2542 1431 2587 (999)
1457 2553 1540 2577 cor-

53 2602 174 2644 ruptus
211 2603 282 2633 est:
316 2602 346 2633 εἰ
376 2601 424 2645 μὴ
452 2600 536 2648 ὑπὲρ
566 2605 654 2647 ὶμοῦ
690 2607 876 2649 κατέλαβες
911 2606 1004 2649 (leg.
1032 2606 1242 2649 κατέβαλες)
1275 2602 1341 2646 τὴν
1365 2617 1538 2638 πεντακο-

53 2657 207 2702 ⁶⁴⁰⁰”l''·
254 2661 361 2705 νόμος
399 2660 468 2708 γὰρ
502 2666 568 2699 τοῦ
591 2662 641 2710 μὴ
668 2668 835 2711 φέροντος
860 2663 922 2711 τὴν
954 2667 1078 2701 οὐσίαν
1115 2668 1213 2701 εἶναι.
1265 2667 1363 2709 Lege
1387 2663 1450 2702 vhe
1473 2661 1536 2700 οὗ·

53 2718 135 2752 utar
158 2719 330 2764 δημοσίαν
356 2724 458 2758 εἶναι.
