1786 3210
654 186 975 233 ΚΟΛΑΚΕΣ.
1473 191 1559 236 485

182 295 264 346 εἶτ’
296 303 370 347 ἐπὶ
402 304 580 348 δεῖπνον
608 299 853 362 ἐρχόμεσθ’
886 298 1067 353 ἄλλυδις
1098 299 1232 354 ἄλλος
1261 301 1387 360 ἡμῶν

182 390 327 447 μᾶζαν
354 389 427 434 ἐπ’
459 388 735 448 ἀλλόφυλΟη
758 382 813 432 οὗ
840 389 912 433 δεῖ
930 387 1143 448 χαρίεντα
1174 386 1318 432 πολλοί

163 476 262 519 ’τὸν
290 474 444 520 κόλακ’
474 475 642 527 εὐθέως
670 476 824 530 λέγειν,
855 473 884 529 ἢ
914 476 1100 533 φέρεται
1130 472 1313 533 θύραζε.

181 553 284 606 οἶδα
316 563 342 604 δ
358 561 367 575 “
395 560 628 619 Ἀκέστορ’
662 559 774 605 αὐτὸ
804 560 886 605 τὸν
916 559 1192 618 στιγματίαν
1221 558 1460 605 παθόντα·

72 650 154 692 ’15
185 649 373 706 σκῶμμα
402 647 486 706 γὰρ
516 640 606 691 εἶπ’
638 646 831 702 ἀσελγές,
861 639 947 690 εἶτ’
980 645 1122 690 αὐτὸν
1151 646 1176 690 ὁ
1207 648 1313 699 παῖς
1342 643 1513 705 θύραζε

181 733 409 790 ἐξαγαγών
438 733 595 791 ἔχοντα
625 733 776 778 κλοιὸν
805 734 1057 792 παρέδωκεν
1084 729 1218 779 Οἰνεῖ.
1251 753 1256 758 ’

179 885 420 928 Athenaeus
462 887 520 929 VI
563 900 604 941 p.
632 886 782 929 2362:
832 885 876 927 οἱ
922 881 974 926 δ’
1006 880 1184 940 ἀρχαῖοι
1225 880 1410 934 ποιηταὶ
1455 879 1558 933 τοὺς

68 953 343 1013 παρασίτους
367 954 558 1006 κόλακας
587 953 786 1007 ἐκάλουν,
815 952 904 1013 ἀφ’
936 947 1001 998 ὦν
1030 956 1106 998 καὶ
1135 951 1331 1005 Εὔπολις
1360 953 1420 1012 τῷ
1451 950 1558 1012 δρά-

63 1041 177 1083 ματι
214 1027 296 1079 τὴν
330 1026 583 1084 ἐπιγραφὴν
621 1025 888 1082 ἐποιήσατο,
925 1025 1006 1070 τὸν
1038 1025 1176 1084 χορὸν
1216 1025 1305 1068 τῶν
1339 1022 1558 1068 Κολάκων

65 1096 258 1149 ποιήσας
287 1095 391 1140 τάδε
422 1099 608 1153 λέγοντα
636 1097 779 1142 Ἀλλὰ
800 1100 892 1143 κτλ.
952 1102 1027 1144 Vs.
1045 1102 1068 1141 1
1102 1093 1351 1154 ἔχουσἈΟ.
1383 1095 1559 1153 ἔχουσιν

66 1170 190 1214 PVL.
221 1167 338 1225 ἡμᾶς
368 1173 416 1214 L.
447 1167 561 1226 ὑμᾶς
601 1173 746 1214 ceteri.
795 1199 852 1207 -—-
897 1173 969 1215 Vs.
1002 1174 1029 1212 2
1080 1163 1260 1210 ἅπαντα
1290 1171 1558 1212 Hermannus

0 1251 1 1305 ᾗ
67 1241 121 1283 de
151 1248 271 1284 metr.
302 1257 343 1297 p.
374 1245 458 1286 389
490 1249 533 1286 et
563 1245 703 1286 Doctr.
735 1249 856 1285 metr.
886 1258 927 1297 p.
942 1243 1041 1284 585.
1082 1243 1197 1284 Libri
1228 1234 1433 1291 ἅπαντες.
1472 1243 1557 1284 Th.

66 1314 274 1367 Bergkius
304 1316 538 1357 Comment.
570 1330 611 1370 p.
644 1316 752 1357 352:
794 1309 852 1362 ὥς
882 1313 1013 1368 ἐσμὲν
1044 1306 1238 1362 ἅπαντες
1267 1310 1423 1368 ἄνδρες
1451 1326 1558 1366 κομ-

66 1381 163 1441 ψοί,
204 1377 369 1437 ὅτοισι,
407 1392 479 1428 aut
515 1386 687 1442 κομψοὶ
725 1379 918 1435 ἅπαντες
959 1384 1090 1440 ἐσμὲν
1129 1381 1297 1439 ἄνδρες.
1373 1386 1436 1427 lta
1474 1386 1557 1426 iam

66 1456 238 1499 Grotius
275 1459 497 1512 Excerptis
539 1474 579 1514 p.
610 1459 709 1500 501.
754 1459 915 1500 hiatum
955 1471 1039 1500 non
1079 1457 1384 1506 reformidans,
1432 1468 1556 1509 quem

65 1528 281 1570 admisisse
309 1535 455 1583 poetas
486 1532 527 1572 in
560 1531 641 1572 hoc
657 1530 778 1570 metri
802 1543 959 1584 genere
983 1542 1065 1570 non
1092 1529 1295 1570 credibile
1327 1532 1404 1569 est.
1436 1527 1558 1568 Adde

66 1600 176 1654 quod
216 1613 388 1661 prorsus
424 1602 573 1643 inutile
611 1607 676 1644 est
716 1601 821 1641 illud
851 1592 1057 1648 ἅπαντες.
1117 1626 1174 1633 —-
1234 1601 1306 1643 Vs.
1339 1599 1368 1638 3
1412 1589 1557 1638 ὅτοισι

64 1684 143 1725 pro
185 1671 302 1712 τοῖσι
347 1673 560 1715 Porsonus
612 1673 723 1726 apud
770 1672 1054 1713 Gaisfordium
1106 1672 1158 1712 ad
1207 1671 1348 1724 Heph.
1388 1685 1428 1725 p.
1458 1671 1558 1712 296.

54 1741 140 1786 ‘Vm
170 1744 197 1784 4
232 1737 375 1796 κάμον
397 1745 504 1786 libri.
550 1739 694 1797 κάμὸν
724 1745 1011 1794 Hermannus,
1042 1742 1252 1784 servulum
1282 1742 1439 1792 habeo,
1461 1741 1558 1796 ple-

67 1827 241 1869 rumque
272 1815 479 1867 alienum,
518 1818 564 1858 in
595 1829 674 1872 quo
703 1816 811 1856 mihi
839 1829 926 1855 non
956 1817 1044 1856 nisi
1066 1814 1307 1870 paullulum
1337 1814 1446 1854 iuris
1476 1817 1555 1854 est.

65 1883 223 1941 μικρὸν
273 1883 319 1927 δὲ
366 1884 417 1926 τὸ
457 1883 626 1942 κάμνον
665 1883 806 1927 αὑτοῦ
846 1887 1071 1928 Porsonus.
1151 1885 1357 1939 Bergkius
1404 1878 1558 1938 κάμός,

67 1958 179 2011 quod
209 1971 353 2000 verum
384 1959 562 2000 videtur.
603 1986 659 1991 -
705 1960 778 2002 Vs.
808 1959 836 2000 5
882 1953 1038 2008 τούτω,
1069 1948 1140 1997 οἷν
1171 1957 1400 1997 Porsonus.
1441 1956 1558 1997 Libri

65 2024 256 2071 τούτοιν.
286 2057 341 2063 -
376 2031 445 2072 Vs.
476 2031 504 2070 8
536 2034 632 2071 ante
663 2030 859 2071 Grotium
888 2017 979 2082 εἶμι
1024 2055 1080 2062 —-
1110 2029 1183 2070 Vs.
1215 2029 1242 2068 9
1276 2023 1475 2077 πλοῦταξ
1504 2028 1556 2068 Α.

65 2102 122 2143 At
151 2102 245 2143 vide
276 2103 398 2143 Drac.
427 2102 554 2144 Strat.
585 2115 627 2155 p.
659 2102 713 2142 18
743 2102 814 2142 25.
875 2101 1063 2154 Respicit
1093 2100 1206 2140 hunc
1236 2099 1375 2139 locum
1406 2096 1559 2137 Pollux
1605 2094 1613 2108 ¹

69 2170 131 2212 111
162 2173 259 2214 1⁰9.
290 2169 314 2213 ὁ
346 2170 538 2221 Εὔπολις
567 2169 764 2223 πλούταξ
794 2170 1021 2213 πέπαικεν.
1081 2171 1328 2213 Eustatliius
1359 2169 1410 2208 ad
1441 2167 1557 2208 Iliad.

71 2254 113 2295 p.
146 2242 252 2282 1091
294 2243 364 2284 58.
415 2239 624 2294 πλούταξ,
663 2238 692 2283 δ’
720 2239 775 2292 δὴ
814 2238 1058 2295 παράσιτός
1105 2255 1170 2288 τις
1212 2239 1298 2294 ἔφη
1338 2234 1460 2291 παρὰ
1498 2232 1560 2292 τῷ

70 2311 431 2370 ὃειπνοσοφιστῇ.
463 2315 590 2355 Plura
621 2315 740 2355 attuli
771 2314 821 2354 ad
853 2314 1074 2355 Menandri
1105 2315 1272 2365 Fragm.
1301 2324 1341 2363 p.
1375 2310 1471 2350 161.
1501 2333 1556 2342 —

68 2385 141 2427 Vs.
175 2386 223 2425 ll
269 2380 451 2433 ἄλλυδις
479 2381 610 2434 ἄλλος
640 2400 690 2427 ex
719 2387 906 2426 Homero
947 2389 1163 2437 receptum
1204 2382 1326 2431 alias,
1356 2386 1556 2434 quantum
1600 2384 1603 2394 ⁴

68 2457 261 2507 memini,
314 2470 393 2497 non
442 2458 596 2511 legitur
645 2457 756 2510 apud
795 2457 976 2498 comicos
1016 2460 1175 2510 poetas.
1257 2447 1366 2492 ἄλλο
1414 2452 1462 2501 Ο,
1511 2451 1556 2493 in

69 2540 151 2582 quo
201 2529 361 2582 reliqua
412 2529 716 2570 desiderantur.
776 2552 828 2559 -
888 2527 960 2570 Vs.
994 2527 1047 2567 12
1090 2520 1370 2578 αλλόφυλλον
1407 2523 1455 2563 Β.
1499 2545 1556 2554 —·

47 2599 143 2641 'Vm
176 2599 229 2639 18
281 2594 450 2647 εὐθέως
488 2613 565 2654 pro
612 2595 754 2646 εὐθὺς
799 2599 987 2640 Grotius.
1060 2598 1218 2638 Ibidem
1264 2589 1291 2643 ἢ
1332 2589 1557 2647 ’κφέρεται

71 2668 296 2722 Bergidae,
334 2671 446 2725 quod
486 2684 586 2712 sane
625 2670 831 2712 usitatius.
891 2697 945 2702 —-
1003 2670 1075 2711 Vs.
1107 2669 1162 2708 14
1209 2661 1345 2706 αὐτὸν
1382 2665 1431 2706 Β.
1490 2663 1554 2704 De

73 2739 293 2792 necatore,
339 2748 463 2796 poeta
503 2743 662 2797 tragico
700 2755 751 2783 ex
786 2740 1066 2793 Aristophane
1106 2738 1345 2804 ceterisque
1382 2734 1554 2777 comicis

74 2809 304 2863 notissimo,
335 2812 398 2855 cfr
426 2815 654 2870 Berginium
687 2814 715 2855 l.
747 2814 774 2855 l.
806 2826 847 2867 p.
879 2812 977 2853 123.
1016 2838 1071 2845 —-
1110 2810 1182 2853 Vs.
1210 2810 1264 2850 15
1304 2803 1395 2849 ἀπ’
1423 2801 1555 2845 ἀσελ-
