1786 3210
500 185 766 247 minume
807 180 1114 227 mesano.
1457 185 1542 227 ³77

57 297 104 340 ἐκ
133 295 221 339 τῶν
249 296 419 353 πτερῶν
445 295 528 349 τὴν
557 294 773 349 σύστησιν
802 294 899 351 ἔχει.
943 299 1062 338 Haec
1093 301 1304 350 postrema
1333 299 1431 350 quid
1461 299 1541 340 sibi

19 420 23 428 Ι
57 372 187 412 velint
227 385 309 412 non
350 372 615 424 intelligitur3
650 383 729 410 nec
767 369 924 410 sufficit
963 368 1075 420 quod
1115 369 1262 408 doctus
1299 368 1459 409 iuvenis
1491 371 1541 410 Ο.

59 442 342 484 Schneiderus
372 444 546 484 Dissert.
578 442 630 481 de
659 441 830 482 scholiis
860 440 1074 493 Aristoph.
1105 454 1146 494 p.
1178 441 1235 488 70
1266 440 1467 489 coniecit,
1498 438 1543 479 ἐκ

58 511 147 553 τῶν
177 512 346 569 πτερῶν
373 510 539 563 λεπτὴν
569 507 787 553 σύστασιν
818 507 915 565 ἔχει.

722 590 879 667 XVIII.

172 710 406 752 Scholiasta
444 712 731 765 Aristophanis
762 711 941 753 Acharn.
981 710 1088 750 860:
1130 707 1206 749 καὶ
1250 704 1544 760 Τηλεκλείδης

58 777 338 837 τραχήλου
378 776 552 822 τύλαν
582 772 714 823 εἶπεν,
776 767 934 824 Eadeni
967 781 1114 823 Suidas
1145 795 1177 822 s·
1210 795 1247 823 v.
1270 776 1403 836 frusta.

745 905 859 947 XIX,

174 989 351 1032 Photius
379 1005 421 1045 p.
454 991 538 1031 loo
569 991 636 1032 18.
673 986 717 1030 Ἰ
719 986 786 1044 βὺ
813 988 969 1045 μέγας
1013 986 1113 1030 ἀντὶ
1143 986 1224 1030 τοῦ
1253 981 1547 1042 ἀναφθεγξά-

58 1070 184 1114 μενοι
211 1060 340 1114 μέγα.
377 1053 516 1109 οὕτως
551 1059 781 1112 Τηλεκλῆς.
827 1063 1052 1116 Corrigunt
1088 1056 1388 1110 Τηλεκλείδης.
1419 1060 1548 1101 Prae-

60 1134 180 1173 terea
210 1133 434 1187 distingue,
461 1127 603 1185 Ἰβύε
640 1131 768 1186 μέγα.
828 1134 988 1186 Quibus
1019 1146 1126 1186 quae
1154 1132 1394 1171 inferuntur
1422 1131 1550 1172 verba

60 1200 251 1256 spectarit
289 1205 340 1245 ad
370 1206 632 1258 participium
665 1205 776 1259 quod
811 1204 975 1245 excidit.
1045 1204 1178 1244 Docet
1215 1202 1257 1243 id
1295 1203 1548 1256 Hesychius,

59 1269 268 1327 Ἰβυκιν
283 1269 541 1325 ήσαντεςε
574 1272 662 1316 ἀπὸ
684 1272 767 1330 γὰρ
785 1271 865 1314 τοῦ
889 1272 965 1330 ἴρύ
983 1267 1100 1325 (ι’βύ)
1118 1271 1338 1327 παρῆκται
1368 1270 1395 1324 ἡ
1424 1272 1550 1326 λέξις.

60 1344 137 1386 καὶ
174 1341 297 1388 ἔστιν
333 1341 509 1388 ἰωνικὸν
537 1343 784 1403 ἐπίρρημα,
814 1345 889 1387 καὶ
927 1343 1060 1396 δηλοῖ
1093 1342 1143 1386 τὸ
1174 1342 1289 1385 πολὺ
1316 1344 1391 1386 καὶ
1420 1345 1551 1400 μέγα.

753 1461 847 1502 ΧΧ.

175 1544 353 1588 Photius
382 1560 425 1601 p.
454 1547 539 1588 238
571 1547 639 1588 11.
669 1542 1027 1600 Λυχνοκαῖσαι
1060 1541 1435 1600 λυχνοκαυτοῦσα.
1472 1538 1551 1587 οὕ-

61 1627 147 1664 τως
180 1614 480 1668 Τηλεκλείδης.
540 1618 588 1659 In
618 1618 766 1659 codice
802 1619 894 1659 sine
930 1622 1104 1659 accentu
1141 1618 1350 1659 scribitur.
1410 1618 1551 1672 Hesy-

63 1687 205 1739 chius,
232 1687 529 1745 Λυχνοκῶσαε
568 1687 972 1743 λυχνοκαυστοῦσα.
1039 1691 1237 1731 Fortasse
1267 1690 1455 1730 doricum
1486 1694 1551 1731 est

61 1771 141 1812 pro
171 1756 486 1814 λυχνοκοοῦσα,
515 1766 562 1802 ut
591 1758 714 1801 νῶσα
742 1775 818 1815 pro
850 1759 1029 1803 νοοῦσα.
1063 1761 1300 1801 Lobeckius
1321 1761 1375 1802 ad
1389 1761 1549 1815 Phryn.

61 1842 106 1884 p-
134 1830 220 1873 523
245 1833 382 1887 ipsum
410 1833 514 1874 illud
543 1830 843 1888 λυχνοκοοῦσα
871 1832 1159 1887 reponendum
1191 1836 1322 1885 putat.

764 1946 880 1989 XXI.

178 2027 354 2072 Photius
363 2031 493 2085 p.495
511 2029 638 2073 1.Σα
650 2030 754 2088 βαρ
765 2027 817 2086 ίχ
831 2032 1009 2084 ιν(εἱο);
1027 2026 1078 2071 τὸ
1093 2029 1342 2083 γυναικεῖον
1360 2024 1550 2074 αἰδοῖον.

69 2094 371 2150 Τηλεκλείδης.
417 2103 533 2144 Idem
563 2098 802 2157 Σάραβονε
831 2100 883 2142 τὸ
913 2102 1159 2156 γυναικεῖον
1189 2094 1363 2142 αἰδοῖον
1393 2101 1437 2142 οἱ
1466 2117 1551 2143 κω-

67 2167 190 2221 μικοὶ
211 2169 411 2214 καλοῦσι.
442 2175 499 2216 Et
513 2172 772 2229 Σαβαρίχηι
799 2171 1005 2227 γυναικὸς
1035 2167 1223 2214 αἰδοῖον.
1255 2173 1551 2227 Theognostus

69 2238 256 2282 eremari
288 2244 447 2285 Anecd.
479 2246 519 2286 11
550 2261 591 2300 p.
610 2248 692 2287 118
721 2247 803 2286 hoc
836 2258 989 2286 nomen
1020 2240 1246 2297 σαμαρίχη
1278 2244 1433 2284 scribit.
1468 2247 1550 2287 Ve-

67 2323 161 2352 rum
191 2312 356 2354 videtur
385 2313 625 2371 σαβαρὶχη.
694 2315 770 2358 crr
797 2317 1052 2370 interpretes
1080 2314 1284 2368 Hesychii
1323 2328 1356 2357 s.
1390 2330 1426 2356 v.
1468 2329 1549 2356 σα·

66 2377 280 2437 βαρίχειν.

750 2500 885 2541 XXII.

181 2581 359 2624 Photius
377 2598 416 2637 p.
430 2584 513 2625 496
531 2583 571 2626 5.
587 2579 812 2624 Σάθωνε
839 2578 1118 2637 ὑποκόρισμα
1133 2578 1325 2622 παιδίων
1343 2576 1551 2637 ἀρρένων.

71 2642 208 2700 Οὕτως
242 2652 543 2706 Τηλεκλείδης.
609 2657 861 2698 Huiusmodi
888 2657 1093 2698 nutricum
1124 2649 1460 2707 ὑποκορίσματα
1492 2660 1553 2694 at-

72 2720 167 2775 tigit
202 2723 387 2779 Scaliger
428 2728 480 2768 ad
511 2728 626 2781 Virg.
657 2729 790 2769 Catal.
822 2742 862 2781 p.
894 2728 978 2769 244
1018 2727 1084 2767 ed.
1124 2725 1350 2766 Lindenbr.
1391 2729 1433 2766 et
1473 2727 1552 2767 Ca-

75 2792 286 2838 saubonus
315 2797 367 2838 ad
397 2798 613 2854 Theophr‚
644 2799 769 2842 Char.
802 2799 838 2841 V
869 2812 910 2853 p.
942 2799 997 2838 68
1028 2797 1140 2850 Lips.
