<?xml version="1.0" encoding="UTF-8"?>
<!DOCTYPE html PUBLIC "-//W3C//DTD XHTML 1.0 Transitional//EN"
    "http://www.w3.org/TR/xhtml1/DTD/xhtml1-transitional.dtd">
<html xmlns="http://www.w3.org/1999/xhtml" xml:lang="en" lang="en">
 <head>
  <title>
</title>
<meta http-equiv="Content-Type" content="text/html;charset=utf-8" />
  <meta name='ocr-system' content='tesseract 3.04.00' />
  <meta name='ocr-capabilities' content='ocr_page ocr_carea ocr_par ocr_line ocrx_word'/>
</head>
<body>
  <div class='ocr_page' id='page_1' title='image "./p1fragmentacomic02meinuoft_0601.png"; bbox 0 0 1786 3210; ppageno 0'>
   <div class='ocr_carea' id='block_1_1' title="bbox 0 0 97 3210">
    <p class='ocr_par' dir='ltr' id='par_1_1' title="bbox 0 0 97 3210">
     <span class='ocr_line' id='line_1_1' title="bbox 0 0 97 3210; baseline 0 0"><span class='ocrx_word' id='word_1_1' title='bbox 0 0 97 3210; x_wconf 95' lang='lat' dir='ltr'><strong> </strong></span> 
     </span>
    </p>
   </div>
   <div class='ocr_carea' id='block_1_2' title="bbox 656 164 1605 218">
    <p class='ocr_par' dir='ltr' id='par_1_2' title="bbox 656 164 1605 218">
     <span class='ocr_line' id='line_1_2' title="bbox 656 164 1605 218; baseline 0.005 -8"><span class='ocrx_word' id='word_1_2' title='bbox 656 167 715 210; x_wconf 93' lang='grc' dir='ltr'><strong><em>Μ</em></strong></span> <span class='ocrx_word' id='word_1_3' title='bbox 718 166 805 210; x_wconf 90' lang='grc' dir='ltr'><strong>ΟΝ</strong></span> <span class='ocrx_word' id='word_1_4' title='bbox 805 165 842 209; x_wconf 91' lang='grc'><em>0</em></span> <span class='ocrx_word' id='word_1_5' title='bbox 849 164 1116 210; x_wconf 82' lang='grc' dir='ltr'><strong><em>ΤΡΟΠΟΣ.</em></strong></span> <span class='ocrx_word' id='word_1_6' title='bbox 1521 174 1605 218; x_wconf 80' lang='grc'><strong>589</strong></span> 
     </span>
    </p>
   </div>
   <div class='ocr_carea' id='block_1_3' title="bbox 116 280 1605 973">
    <p class='ocr_par' dir='ltr' id='par_1_3' title="bbox 122 280 1605 549">
     <span class='ocr_line' id='line_1_3' title="bbox 123 280 1605 344; baseline 0.005 -20"><span class='ocrx_word' id='word_1_7' title='bbox 123 282 341 336; x_wconf 70' lang='lat' dir='ltr'><strong>legebatur</strong></span> <span class='ocrx_word' id='word_1_8' title='bbox 370 280 524 332; x_wconf 73' lang='grc' dir='ltr'><strong><em>δεινός.</em></strong></span> <span class='ocrx_word' id='word_1_9' title='bbox 573 285 747 326; x_wconf 78' lang='lat' dir='ltr'><strong>Cor-rexi</strong></span> <span class='ocrx_word' id='word_1_10' title='bbox 776 285 819 344; x_wconf 43' lang='grc' dir='ltr'><strong>Ι.κ</strong></span> <span class='ocrx_word' id='word_1_11' title='bbox 835 284 863 324; x_wconf 93' lang='lat' dir='ltr'><strong>l.</strong></span> <span class='ocrx_word' id='word_1_12' title='bbox 927 282 1086 327; x_wconf 80' lang='lat' dir='ltr'><strong>Ibidem</strong></span> <span class='ocrx_word' id='word_1_13' title='bbox 1115 283 1275 337; x_wconf 80' lang='lat' dir='ltr'><strong>reliqua</strong></span> <span class='ocrx_word' id='word_1_14' title='bbox 1305 286 1362 328; x_wconf 79' lang='lat' dir='ltr'><strong>ita</strong></span> <span class='ocrx_word' id='word_1_15' title='bbox 1393 289 1605 342; x_wconf 80' lang='lat' dir='ltr'><strong>corrigere</strong></span> 
     </span>
     <span class='ocr_line' id='line_1_4' title="bbox 122 355 303 396; baseline -0.011 0"><span class='ocrx_word' id='word_1_16' title='bbox 122 355 303 396; x_wconf 71' lang='lat' dir='ltr'><strong>tentavi:</strong></span> 
     </span>
     <span class='ocr_line' id='line_1_5' title="bbox 718 413 1416 476; baseline 0.006 -13"><span class='ocrx_word' id='word_1_17' title='bbox 718 419 741 463; x_wconf 86' lang='grc' dir='ltr'>ὁ</span> <span class='ocrx_word' id='word_1_18' title='bbox 772 420 819 463; x_wconf 80' lang='grc' dir='ltr'><strong>δὲ</strong></span> <span class='ocrx_word' id='word_1_19' title='bbox 849 419 1002 475; x_wconf 79' lang='grc' dir='ltr'><strong><em>κόλαξ,</em></strong></span> <span class='ocrx_word' id='word_1_20' title='bbox 1032 420 1056 463; x_wconf 87' lang='grc' dir='ltr'><strong><em>ὁ</em></strong></span> <span class='ocrx_word' id='word_1_21' title='bbox 1087 419 1137 464; x_wconf 76' lang='grc' dir='ltr'><strong>δ’</strong></span> <span class='ocrx_word' id='word_1_22' title='bbox 1171 413 1230 465; x_wconf 80' lang='grc' dir='ltr'><strong>αὖ</strong></span> <span class='ocrx_word' id='word_1_23' title='bbox 1259 422 1416 476; x_wconf 74' lang='grc' dir='ltr'><strong><em>νόθος,</em></strong></span> 
     </span>
     <span class='ocr_line' id='line_1_6' title="bbox 289 487 796 549; baseline 0.002 -15"><span class='ocrx_word' id='word_1_24' title='bbox 289 491 409 545; x_wconf 79' lang='grc' dir='ltr'><strong><em>ξένος</em></strong></span> <span class='ocrx_word' id='word_1_25' title='bbox 438 487 488 532; x_wconf 80' lang='grc' dir='ltr'><strong>δ’</strong></span> <span class='ocrx_word' id='word_1_26' title='bbox 523 488 548 533; x_wconf 89' lang='grc' dir='ltr'>ὁ</span> <span class='ocrx_word' id='word_1_27' title='bbox 578 491 796 549; x_wconf 82' lang='grc' dir='ltr'><em>τέταρτος.</em></span> 
     </span>
    </p>

    <p class='ocr_par' dir='ltr' id='par_1_4' title="bbox 116 564 1605 973">
     <span class='ocr_line' id='line_1_7' title="bbox 121 564 1605 621; baseline 0.003 -15"><span class='ocrx_word' id='word_1_28' title='bbox 121 565 280 619; x_wconf 76' lang='lat' dir='ltr'><strong>Quibus</strong></span> <span class='ocrx_word' id='word_1_29' title='bbox 317 564 466 606; x_wconf 83' lang='lat' dir='ltr'><strong>similia</strong></span> <span class='ocrx_word' id='word_1_30' title='bbox 502 566 721 618; x_wconf 81' lang='lat' dir='ltr'><strong>proposuit</strong></span> <span class='ocrx_word' id='word_1_31' title='bbox 750 571 897 619; x_wconf 84' lang='lat' dir='ltr'><strong>postea</strong></span> <span class='ocrx_word' id='word_1_32' title='bbox 926 566 1049 607; x_wconf 86' lang='lat' dir='ltr'><strong>etiam</strong></span> <span class='ocrx_word' id='word_1_33' title='bbox 1080 568 1284 621; x_wconf 81' lang='lat' dir='ltr'><strong>Bergkius</strong></span> <span class='ocrx_word' id='word_1_34' title='bbox 1324 568 1352 609; x_wconf 93' lang='grc' dir='ltr'><strong>Ι.</strong></span> <span class='ocrx_word' id='word_1_35' title='bbox 1383 568 1413 608; x_wconf 92' lang='lat' dir='ltr'><strong>l.</strong></span> <span class='ocrx_word' id='word_1_36' title='bbox 1484 568 1605 610; x_wconf 87' lang='lat' dir='ltr'><strong>Nunc</strong></span> 
     </span>
     <span class='ocr_line' id='line_1_8' title="bbox 119 630 1603 694; baseline 0.001 -17"><span class='ocrx_word' id='word_1_37' title='bbox 119 635 259 677; x_wconf 81' lang='lat' dir='ltr'><strong>malim</strong></span> <span class='ocrx_word' id='word_1_38' title='bbox 289 630 314 676; x_wconf 87' lang='grc' dir='ltr'>ὁ</span> <span class='ocrx_word' id='word_1_39' title='bbox 344 632 391 674; x_wconf 80' lang='grc' dir='ltr'><strong>δὲ</strong></span> <span class='ocrx_word' id='word_1_40' title='bbox 420 630 556 686; x_wconf 80' lang='grc' dir='ltr'><strong><em>κόλαξ</em></strong></span> <span class='ocrx_word' id='word_1_41' title='bbox 587 632 713 688; x_wconf 77' lang='grc' dir='ltr'><em>ἔσθ’,</em></span> <span class='ocrx_word' id='word_1_42' title='bbox 744 631 768 675; x_wconf 89' lang='grc' dir='ltr'><strong>ὁ</strong></span> <span class='ocrx_word' id='word_1_43' title='bbox 798 632 846 675; x_wconf 78' lang='grc' dir='ltr'><strong>δὲ</strong></span> <span class='ocrx_word' id='word_1_44' title='bbox 875 630 1041 685; x_wconf 77' lang='grc' dir='ltr'><strong><em>νόθος,</em></strong></span> <span class='ocrx_word' id='word_1_45' title='bbox 1063 635 1072 692; x_wconf 83' lang='grc' dir='ltr'>Ι</span> <span class='ocrx_word' id='word_1_46' title='bbox 1100 635 1220 689; x_wconf 78' lang='grc' dir='ltr'><strong><em>ξένος</em></strong></span> <span class='ocrx_word' id='word_1_47' title='bbox 1249 634 1300 678; x_wconf 82' lang='grc' dir='ltr'><strong>δ’</strong></span> <span class='ocrx_word' id='word_1_48' title='bbox 1329 633 1353 678; x_wconf 86' lang='grc' dir='ltr'>ὁ</span> <span class='ocrx_word' id='word_1_49' title='bbox 1382 636 1603 694; x_wconf 81' lang='grc' dir='ltr'><strong><em>τέταρτος.</em></strong></span> 
     </span>
     <span class='ocr_line' id='line_1_9' title="bbox 118 705 1604 763; baseline 0.003 -15"><span class='ocrx_word' id='word_1_50' title='bbox 118 705 395 748; x_wconf 80' lang='lat' dir='ltr'><strong>Execestidae</strong></span> <span class='ocrx_word' id='word_1_51' title='bbox 423 708 689 762; x_wconf 83' lang='lat' dir='ltr'><strong>peregrinam</strong></span> <span class='ocrx_word' id='word_1_52' title='bbox 721 707 925 760; x_wconf 83' lang='lat' dir='ltr'>originem</span> <span class='ocrx_word' id='word_1_53' title='bbox 956 709 1117 750; x_wconf 85' lang='lat' dir='ltr'><strong>notavit</strong></span> <span class='ocrx_word' id='word_1_54' title='bbox 1146 710 1459 763; x_wconf 68' lang='lat' dir='ltr'><strong>Aristophanes.</strong></span> <span class='ocrx_word' id='word_1_55' title='bbox 1519 710 1604 752; x_wconf 87' lang='lat' dir='ltr'><strong>Te-</strong></span> 
     </span>
     <span class='ocr_line' id='line_1_10' title="bbox 117 777 1605 833; baseline 0.003 -15"><span class='ocrx_word' id='word_1_56' title='bbox 117 777 226 818; x_wconf 83' lang='lat' dir='ltr'><strong>leam</strong></span> <span class='ocrx_word' id='word_1_57' title='bbox 275 777 388 818; x_wconf 86' lang='lat' dir='ltr'><strong>idem</strong></span> <span class='ocrx_word' id='word_1_58' title='bbox 438 778 502 818; x_wconf 86' lang='lat' dir='ltr'><strong>bis</strong></span> <span class='ocrx_word' id='word_1_59' title='bbox 540 778 657 819; x_wconf 73' lang='lat' dir='ltr'><strong>serve</strong></span> <span class='ocrx_word' id='word_1_60' title='bbox 695 784 1009 821; x_wconf 76' lang='lat' dir='ltr'><strong>commemorat.</strong></span> <span class='ocrx_word' id='word_1_61' title='bbox 1077 780 1139 821; x_wconf 86' lang='lat' dir='ltr'><strong>De</strong></span> <span class='ocrx_word' id='word_1_62' title='bbox 1177 780 1316 833; x_wconf 80' lang='lat' dir='ltr'><strong>Lycea</strong></span> <span class='ocrx_word' id='word_1_63' title='bbox 1363 780 1466 822; x_wconf 85' lang='lat' dir='ltr'>nihil</span> <span class='ocrx_word' id='word_1_64' title='bbox 1502 781 1605 822; x_wconf 86' lang='lat' dir='ltr'><strong>mihi</strong></span> 
     </span>
     <span class='ocr_line' id='line_1_11' title="bbox 116 848 1603 902; baseline 0.005 -14"><span class='ocrx_word' id='word_1_65' title='bbox 116 851 389 902; x_wconf 79' lang='lat' dir='ltr'><strong>compertum.</strong></span> <span class='ocrx_word' id='word_1_66' title='bbox 471 849 533 890; x_wconf 86' lang='lat' dir='ltr'><strong>De</strong></span> <span class='ocrx_word' id='word_1_67' title='bbox 577 848 768 892; x_wconf 85' lang='lat' dir='ltr'><strong>Pisandri</strong></span> <span class='ocrx_word' id='word_1_68' title='bbox 811 850 1033 892; x_wconf 80' lang='lat' dir='ltr'><strong>timiditate</strong></span> <span class='ocrx_word' id='word_1_69' title='bbox 1082 850 1248 893; x_wconf 77' lang='lat' dir='ltr'><strong>abunde</strong></span> <span class='ocrx_word' id='word_1_70' title='bbox 1291 851 1446 894; x_wconf 90' lang='lat' dir='ltr'><strong>dictum</strong></span> <span class='ocrx_word' id='word_1_71' title='bbox 1491 852 1603 895; x_wconf 76' lang='lat' dir='ltr'><strong>nist.</strong></span> 
     </span>
     <span class='ocr_line' id='line_1_12' title="bbox 117 919 924 973; baseline -0.001 -12"><span class='ocrx_word' id='word_1_72' title='bbox 117 919 208 961; x_wconf 79' lang='lat' dir='ltr'><strong>crit.</strong></span> <span class='ocrx_word' id='word_1_73' title='bbox 239 932 283 973; x_wconf 80' lang='lat'><strong>1).</strong></span> <span class='ocrx_word' id='word_1_74' title='bbox 303 919 401 960; x_wconf 78' lang='lat'>178.</span> <span class='ocrx_word' id='word_1_75' title='bbox 920 938 924 940; x_wconf 73' lang='grc'><strong>-</strong></span> 
     </span>
    </p>
   </div>
   <div class='ocr_carea' id='block_1_4' title="bbox 172 1024 1552 1163">
    <p class='ocr_par' dir='ltr' id='par_1_5' title="bbox 172 1024 1552 1163">
     <span class='ocr_line' id='line_1_13' title="bbox 840 1024 914 1066; baseline 0 -1"><span class='ocrx_word' id='word_1_76' title='bbox 840 1024 914 1066; x_wconf 87' lang='lat'>111.</span> 
     </span>
     <span class='ocr_line' id='line_1_14' title="bbox 172 1103 1552 1163; baseline 0.001 -15"><span class='ocrx_word' id='word_1_77' title='bbox 172 1105 232 1150; x_wconf 84' lang='lat' dir='ltr'><strong>A.</strong></span> <span class='ocrx_word' id='word_1_78' title='bbox 270 1103 348 1156; x_wconf 86' lang='grc' dir='ltr'><strong>Τίς</strong></span> <span class='ocrx_word' id='word_1_79' title='bbox 378 1105 406 1146; x_wconf 84' lang='grc' dir='ltr'><em>ὃ</em></span> <span class='ocrx_word' id='word_1_80' title='bbox 425 1104 434 1116; x_wconf 82' lang='grc'><strong>’</strong></span> <span class='ocrx_word' id='word_1_81' title='bbox 464 1103 586 1146; x_wconf 83' lang='grc' dir='ltr'><strong><em>ἔστιν</em></strong></span> <span class='ocrx_word' id='word_1_82' title='bbox 615 1103 639 1146; x_wconf 89' lang='grc' dir='ltr'>ὁ</span> <span class='ocrx_word' id='word_1_83' title='bbox 668 1103 780 1160; x_wconf 74' lang='grc' dir='ltr'><strong><em>μετὰ</em></strong></span> <span class='ocrx_word' id='word_1_84' title='bbox 812 1105 954 1148; x_wconf 84' lang='grc' dir='ltr'><strong><em>ταῦτα</em></strong></span> <span class='ocrx_word' id='word_1_85' title='bbox 984 1105 1250 1163; x_wconf 76' lang='grc' dir='ltr'><strong><em>φροντίζωνς</em></strong></span> <span class='ocrx_word' id='word_1_86' title='bbox 1283 1107 1339 1151; x_wconf 82' lang='grc' dir='ltr'><strong>Β.</strong></span> <span class='ocrx_word' id='word_1_87' title='bbox 1374 1107 1552 1161; x_wconf 60' lang='lat' dir='ltr'><strong>filit-ww,</strong></span> 
     </span>
    </p>
   </div>
   <div class='ocr_carea' id='block_1_5' title="bbox 171 1181 1297 1248">
    <p class='ocr_par' dir='ltr' id='par_1_6' title="bbox 171 1181 1297 1248">
     <span class='ocr_line' id='line_1_15' title="bbox 171 1181 1297 1248; baseline 0 -15"><span class='ocrx_word' id='word_1_88' title='bbox 171 1189 196 1233; x_wconf 91' lang='grc' dir='ltr'>ὁ</span> <span class='ocrx_word' id='word_1_89' title='bbox 224 1186 523 1240; x_wconf 83' lang='grc' dir='ltr'><strong><em>Λευκονοιεύς.</em></strong></span> <span class='ocrx_word' id='word_1_90' title='bbox 582 1190 641 1233; x_wconf 92' lang='grc' dir='ltr'><strong>Α.</strong></span> <span class='ocrx_word' id='word_1_91' title='bbox 674 1181 780 1242; x_wconf 81' lang='grc' dir='ltr'><strong><em>οἶδ’,</em></strong></span> <span class='ocrx_word' id='word_1_92' title='bbox 810 1187 834 1232; x_wconf 90' lang='grc' dir='ltr'>ὁ</span> <span class='ocrx_word' id='word_1_93' title='bbox 863 1189 943 1241; x_wconf 86' lang='grc' dir='ltr'><strong>τὰς</strong></span> <span class='ocrx_word' id='word_1_94' title='bbox 971 1187 1135 1248; x_wconf 80' lang='grc' dir='ltr'><em>κρήνας</em></span> <span class='ocrx_word' id='word_1_95' title='bbox 1164 1188 1297 1246; x_wconf 75' lang='grc' dir='ltr'><strong><em>ἄγων.</em></strong></span> 
     </span>
    </p>
   </div>
   <div class='ocr_carea' id='block_1_6' title="bbox 110 1305 1602 2347">
    <p class='ocr_par' dir='ltr' id='par_1_7' title="bbox 110 1305 1602 2144">
     <span class='ocr_line' id='line_1_16' title="bbox 229 1305 1602 1361; baseline -0.001 -13"><span class='ocrx_word' id='word_1_96' title='bbox 229 1307 461 1349; x_wconf 78' lang='lat' dir='ltr'><strong>Scholiasta</strong></span> <span class='ocrx_word' id='word_1_97' title='bbox 492 1305 780 1359; x_wconf 75' lang='lat' dir='ltr'><strong>Aristophanis</strong></span> <span class='ocrx_word' id='word_1_98' title='bbox 810 1308 886 1348; x_wconf 84' lang='lat' dir='ltr'><strong>Av.</strong></span> <span class='ocrx_word' id='word_1_99' title='bbox 903 1307 1002 1348; x_wconf 83' lang='lat'><strong>998.</strong></span> <span class='ocrx_word' id='word_1_100' title='bbox 1034 1306 1087 1347; x_wconf 91' lang='lat' dir='ltr'><strong>de</strong></span> <span class='ocrx_word' id='word_1_101' title='bbox 1115 1307 1290 1348; x_wconf 91' lang='lat' dir='ltr'><strong>Metone</strong></span> <span class='ocrx_word' id='word_1_102' title='bbox 1320 1320 1461 1361; x_wconf 83' lang='lat' dir='ltr'><strong>agens,</strong></span> <span class='ocrx_word' id='word_1_103' title='bbox 1492 1306 1602 1348; x_wconf 86' lang='lat' dir='ltr'><strong>Pau-</strong></span> 
     </span>
     <span class='ocr_line' id='line_1_17' title="bbox 115 1374 1602 1431; baseline -0.003 -11"><span class='ocrx_word' id='word_1_104' title='bbox 115 1376 256 1420; x_wconf 82' lang='lat' dir='ltr'><strong>saniae</strong></span> <span class='ocrx_word' id='word_1_105' title='bbox 290 1377 401 1427; x_wconf 85' lang='lat' dir='ltr'><strong>filio,</strong></span> <span class='ocrx_word' id='word_1_106' title='bbox 442 1376 735 1419; x_wconf 86' lang='lat' dir='ltr'><strong>mathematico</strong></span> <span class='ocrx_word' id='word_1_107' title='bbox 773 1378 886 1418; x_wconf 82' lang='lat' dir='ltr'><strong>illius</strong></span> <span class='ocrx_word' id='word_1_108' title='bbox 923 1378 1123 1431; x_wconf 82' lang='lat' dir='ltr'><strong>temporis</strong></span> <span class='ocrx_word' id='word_1_109' title='bbox 1159 1378 1454 1419; x_wconf 82' lang='lat' dir='ltr'><strong>celeberrimo:</strong></span> <span class='ocrx_word' id='word_1_110' title='bbox 1497 1374 1602 1424; x_wconf 85' lang='grc' dir='ltr'><em>ἴσως</em></span> 
     </span>
     <span class='ocr_line' id='line_1_18' title="bbox 114 1442 1600 1504; baseline -0.001 -15"><span class='ocrx_word' id='word_1_111' title='bbox 114 1446 161 1490; x_wconf 79' lang='grc' dir='ltr'><strong>δὲ</strong></span> <span class='ocrx_word' id='word_1_112' title='bbox 176 1447 224 1489; x_wconf 80' lang='grc' dir='ltr'><strong>ἐν</strong></span> <span class='ocrx_word' id='word_1_113' title='bbox 239 1445 300 1504; x_wconf 79' lang='grc' dir='ltr'><strong>τῷ</strong></span> <span class='ocrx_word' id='word_1_114' title='bbox 314 1444 509 1504; x_wconf 80' lang='grc' dir='ltr'><strong><em>Κολωνῷ</em></strong></span> <span class='ocrx_word' id='word_1_115' title='bbox 537 1442 703 1502; x_wconf 77' lang='grc' dir='ltr'><em>κρήνην</em></span> <span class='ocrx_word' id='word_1_116' title='bbox 730 1445 831 1488; x_wconf 81' lang='grc' dir='ltr'><strong><em>τινὰ</em></strong></span> <span class='ocrx_word' id='word_1_117' title='bbox 858 1444 1235 1490; x_wconf 78' lang='grc' dir='ltr'><strong><em>κατεσκευάσατο·</em></strong></span> <span class='ocrx_word' id='word_1_118' title='bbox 1259 1447 1403 1504; x_wconf 85' lang='grc' dir='ltr'><strong><em>φησὶν</em></strong></span> <span class='ocrx_word' id='word_1_119' title='bbox 1432 1443 1456 1488; x_wconf 87' lang='grc' dir='ltr'>ὁ</span> <span class='ocrx_word' id='word_1_120' title='bbox 1480 1443 1600 1502; x_wconf 83' lang='grc' dir='ltr'><strong><em>Φρύ-</em></strong></span> 
     </span>
     <span class='ocr_line' id='line_1_19' title="bbox 113 1514 1600 1575; baseline -0.001 -15"><span class='ocrx_word' id='word_1_121' title='bbox 113 1532 232 1574; x_wconf 84' lang='grc' dir='ltr'><strong><em>νιχος</em></strong></span> <span class='ocrx_word' id='word_1_122' title='bbox 261 1514 542 1574; x_wconf 79' lang='grc' dir='ltr'><strong><em>Μονοτρόπῳ</em></strong></span> <span class='ocrx_word' id='word_1_123' title='bbox 577 1514 655 1567; x_wconf 86' lang='grc' dir='ltr'><strong>Τίς</strong></span> <span class='ocrx_word' id='word_1_124' title='bbox 686 1514 735 1558; x_wconf 80' lang='grc' dir='ltr'><strong>δ’</strong></span> <span class='ocrx_word' id='word_1_125' title='bbox 768 1518 891 1561; x_wconf 80' lang='grc' dir='ltr'><strong><em>ἐστὶν</em></strong></span> <span class='ocrx_word' id='word_1_126' title='bbox 920 1516 944 1561; x_wconf 88' lang='grc' dir='ltr'>ὁ</span> <span class='ocrx_word' id='word_1_127' title='bbox 973 1517 1086 1575; x_wconf 79' lang='grc' dir='ltr'><strong><em>μετὰ</em></strong></span> <span class='ocrx_word' id='word_1_128' title='bbox 1115 1518 1258 1560; x_wconf 85' lang='grc' dir='ltr'><strong><em>ταῦτα</em></strong></span> <span class='ocrx_word' id='word_1_129' title='bbox 1288 1518 1380 1562; x_wconf 84' lang='grc' dir='ltr'><strong><em>κτλ.</em></strong></span> <span class='ocrx_word' id='word_1_130' title='bbox 1439 1520 1600 1561; x_wconf 82' lang='lat' dir='ltr'><strong>Eadem</strong></span> 
     </span>
     <span class='ocr_line' id='line_1_20' title="bbox 114 1588 1599 1646; baseline -0.002 -12"><span class='ocrx_word' id='word_1_131' title='bbox 114 1592 266 1635; x_wconf 83' lang='lat' dir='ltr'><strong>Suidas</strong></span> <span class='ocrx_word' id='word_1_132' title='bbox 295 1605 335 1632; x_wconf 85' lang='lat' dir='ltr'><strong>v.</strong></span> <span class='ocrx_word' id='word_1_133' title='bbox 367 1588 546 1632; x_wconf 83' lang='grc' dir='ltr'><strong><em>Μέτων.</em></strong></span> <span class='ocrx_word' id='word_1_134' title='bbox 620 1591 691 1633; x_wconf 86' lang='lat' dir='ltr'><strong>Vs.</strong></span> <span class='ocrx_word' id='word_1_135' title='bbox 726 1592 747 1631; x_wconf 93' lang='lat' dir='ltr'><strong>l</strong></span> <span class='ocrx_word' id='word_1_136' title='bbox 793 1596 890 1646; x_wconf 87' lang='lat' dir='ltr'><strong>post</strong></span> <span class='ocrx_word' id='word_1_137' title='bbox 920 1590 1063 1631; x_wconf 86' lang='grc' dir='ltr'><strong><em>ταῦτα</em></strong></span> <span class='ocrx_word' id='word_1_138' title='bbox 1093 1591 1204 1646; x_wconf 85' lang='lat' dir='ltr'><strong>apud</strong></span> <span class='ocrx_word' id='word_1_139' title='bbox 1234 1593 1497 1633; x_wconf 85' lang='lat' dir='ltr'><strong>scholiastam</strong></span> <span class='ocrx_word' id='word_1_140' title='bbox 1525 1591 1599 1631; x_wconf 89' lang='lat' dir='ltr'><strong>ad-</strong></span> 
     </span>
     <span class='ocr_line' id='line_1_21' title="bbox 115 1656 1599 1711; baseline -0.001 -7"><span class='ocrx_word' id='word_1_141' title='bbox 115 1663 226 1705; x_wconf 83' lang='lat' dir='ltr'><strong>ditur</strong></span> <span class='ocrx_word' id='word_1_142' title='bbox 256 1656 443 1711; x_wconf 85' lang='grc' dir='ltr'><strong><em>ταύτης,</em></strong></span> <span class='ocrx_word' id='word_1_143' title='bbox 482 1661 595 1702; x_wconf 86' lang='lat' dir='ltr'><strong>uude</strong></span> <span class='ocrx_word' id='word_1_144' title='bbox 629 1662 672 1702; x_wconf 91' lang='lat' dir='ltr'><strong>in</strong></span> <span class='ocrx_word' id='word_1_145' title='bbox 703 1662 874 1705; x_wconf 86' lang='lat' dir='ltr'><strong>Suidam</strong></span> <span class='ocrx_word' id='word_1_146' title='bbox 902 1664 1044 1705; x_wconf 88' lang='lat' dir='ltr'><strong>intulit</strong></span> <span class='ocrx_word' id='word_1_147' title='bbox 1075 1665 1293 1706; x_wconf 85' lang='lat' dir='ltr'><strong>Kusterus.</strong></span> <span class='ocrx_word' id='word_1_148' title='bbox 1351 1689 1419 1697; x_wconf 82' lang='lat'><strong>-·</strong></span> <span class='ocrx_word' id='word_1_149' title='bbox 1466 1663 1540 1705; x_wconf 87' lang='lat' dir='ltr'><strong>Vs.</strong></span> <span class='ocrx_word' id='word_1_150' title='bbox 1570 1663 1599 1702; x_wconf 78' lang='lat'><strong>2</strong></span> 
     </span>
     <span class='ocr_line' id='line_1_22' title="bbox 113 1727 1598 1790; baseline 0 -17"><span class='ocrx_word' id='word_1_151' title='bbox 113 1727 402 1780; x_wconf 79' lang='grc' dir='ltr'><strong><em>Λευκονοιεὺς</em></strong></span> <span class='ocrx_word' id='word_1_152' title='bbox 440 1732 590 1774; x_wconf 82' lang='lat' dir='ltr'><strong>Suidas</strong></span> <span class='ocrx_word' id='word_1_153' title='bbox 619 1733 882 1776; x_wconf 86' lang='lat' dir='ltr'><strong>Bernhardii.</strong></span> <span class='ocrx_word' id='word_1_154' title='bbox 942 1736 1080 1790; x_wconf 81' lang='lat' dir='ltr'><strong>Vulgo</strong></span> <span class='ocrx_word' id='word_1_155' title='bbox 1109 1728 1362 1782; x_wconf 77' lang='grc' dir='ltr'><strong><em>Λυκονιεύς.</em></strong></span> <span class='ocrx_word' id='word_1_156' title='bbox 1421 1733 1598 1774; x_wconf 75' lang='lat' dir='ltr'><strong>Codices</strong></span> 
     </span>
     <span class='ocr_line' id='line_1_23' title="bbox 110 1797 1597 1853; baseline -0.003 -6"><span class='ocrx_word' id='word_1_157' title='bbox 110 1797 375 1851; x_wconf 73' lang='grc' dir='ltr'><strong><em>Λυκονοιεύς</em></strong></span> <span class='ocrx_word' id='word_1_158' title='bbox 412 1808 455 1845; x_wconf 90' lang='lat' dir='ltr'><strong>et</strong></span> <span class='ocrx_word' id='word_1_159' title='bbox 482 1799 771 1853; x_wconf 74' lang='grc' dir='ltr'><strong><em>Λωκονοιεύς.</em></strong></span> <span class='ocrx_word' id='word_1_160' title='bbox 830 1806 1064 1848; x_wconf 86' lang='lat' dir='ltr'><strong>Scholiasta</strong></span> <span class='ocrx_word' id='word_1_161' title='bbox 1091 1799 1376 1852; x_wconf 77' lang='grc' dir='ltr'><strong><em>Λευκωνιεὺς.</em></strong></span> <span class='ocrx_word' id='word_1_162' title='bbox 1437 1802 1597 1843; x_wconf 88' lang='lat' dir='ltr'><strong>Ibidem</strong></span> 
     </span>
     <span class='ocr_line' id='line_1_24' title="bbox 110 1874 1597 1932; baseline -0.005 -11"><span class='ocrx_word' id='word_1_163' title='bbox 110 1876 136 1921; x_wconf 85' lang='grc' dir='ltr'>ὁ</span> <span class='ocrx_word' id='word_1_164' title='bbox 165 1875 245 1927; x_wconf 86' lang='grc' dir='ltr'><strong>τὰς</strong></span> <span class='ocrx_word' id='word_1_165' title='bbox 273 1877 496 1920; x_wconf 83' lang='lat' dir='ltr'><strong>scholiasta</strong></span> <span class='ocrx_word' id='word_1_166' title='bbox 526 1879 570 1917; x_wconf 90' lang='lat' dir='ltr'><strong>et</strong></span> <span class='ocrx_word' id='word_1_167' title='bbox 598 1876 765 1917; x_wconf 75' lang='lat' dir='ltr'><strong>codices</strong></span> <span class='ocrx_word' id='word_1_168' title='bbox 794 1877 963 1928; x_wconf 90' lang='lat' dir='ltr'><strong>Suidae,</strong></span> <span class='ocrx_word' id='word_1_169' title='bbox 992 1877 1102 1932; x_wconf 86' lang='lat' dir='ltr'><strong>apud</strong></span> <span class='ocrx_word' id='word_1_170' title='bbox 1132 1890 1257 1930; x_wconf 88' lang='lat' dir='ltr'><strong>quem</strong></span> <span class='ocrx_word' id='word_1_171' title='bbox 1287 1877 1413 1930; x_wconf 83' lang='lat' dir='ltr'><strong>vulgo</strong></span> <span class='ocrx_word' id='word_1_172' title='bbox 1444 1874 1597 1928; x_wconf 80' lang='lat' dir='ltr'><strong>legitur</strong></span> 
     </span>
     <span class='ocr_line' id='line_1_25' title="bbox 110 1938 1596 2003; baseline -0.005 -11"><span class='ocrx_word' id='word_1_173' title='bbox 110 1943 194 1994; x_wconf 80' lang='grc' dir='ltr'><strong><em>ὅτι.</em></strong></span> <span class='ocrx_word' id='word_1_174' title='bbox 251 1947 531 1990; x_wconf 83' lang='lat' dir='ltr'><strong>Probabiliter</strong></span> <span class='ocrx_word' id='word_1_175' title='bbox 560 1946 751 2001; x_wconf 79' lang='lat' dir='ltr'><strong>Toupius</strong></span> <span class='ocrx_word' id='word_1_176' title='bbox 780 1948 959 1990; x_wconf 87' lang='lat' dir='ltr'><strong>Emend.</strong></span> <span class='ocrx_word' id='word_1_177' title='bbox 991 1950 1009 1990; x_wconf 94' lang='lat'>1</span> <span class='ocrx_word' id='word_1_178' title='bbox 1038 1963 1082 2003; x_wconf 86' lang='lat' dir='ltr'><strong>p.</strong></span> <span class='ocrx_word' id='word_1_179' title='bbox 1114 1948 1220 1989; x_wconf 80' lang='lat'><strong>408:</strong></span> <span class='ocrx_word' id='word_1_180' title='bbox 1259 1943 1284 1988; x_wconf 86' lang='grc' dir='ltr'>ὁ</span> <span class='ocrx_word' id='word_1_181' title='bbox 1314 1938 1596 1995; x_wconf 75' lang='grc' dir='ltr'><strong><em>Λευκονοεύς,</em></strong></span> 
     </span>
     <span class='ocr_line' id='line_1_26' title="bbox 110 2010 1596 2072; baseline -0.003 -11"><span class='ocrx_word' id='word_1_182' title='bbox 110 2011 159 2064; x_wconf 76' lang='grc' dir='ltr'><strong>εὖ</strong></span> <span class='ocrx_word' id='word_1_183' title='bbox 185 2010 256 2062; x_wconf 85' lang='grc' dir='ltr'><strong>οἶδ</strong></span> <span class='ocrx_word' id='word_1_184' title='bbox 266 2016 297 2070; x_wconf 91' lang='lat'><strong>&#39;,</strong></span> <span class='ocrx_word' id='word_1_185' title='bbox 330 2014 355 2059; x_wconf 90' lang='grc' dir='ltr'><strong>ὁ</strong></span> <span class='ocrx_word' id='word_1_186' title='bbox 383 2014 463 2066; x_wconf 85' lang='grc' dir='ltr'><strong>τὰς</strong></span> <span class='ocrx_word' id='word_1_187' title='bbox 490 2011 654 2071; x_wconf 83' lang='grc' dir='ltr'><strong><em>κρήνας</em></strong></span> <span class='ocrx_word' id='word_1_188' title='bbox 683 2012 817 2072; x_wconf 70' lang='grc' dir='ltr'><strong><em>ἄγων.</em></strong></span> <span class='ocrx_word' id='word_1_189' title='bbox 884 2019 1028 2062; x_wconf 84' lang='lat' dir='ltr'><strong>Possis</strong></span> <span class='ocrx_word' id='word_1_190' title='bbox 1066 2020 1191 2061; x_wconf 86' lang='lat' dir='ltr'><strong>etiam</strong></span> <span class='ocrx_word' id='word_1_191' title='bbox 1232 2023 1278 2061; x_wconf 89' lang='lat' dir='ltr'><strong>ut</strong></span> <span class='ocrx_word' id='word_1_192' title='bbox 1307 2018 1440 2060; x_wconf 86' lang='lat' dir='ltr'><strong>voluit</strong></span> <span class='ocrx_word' id='word_1_193' title='bbox 1465 2017 1596 2068; x_wconf 75' lang='lat' dir='ltr'><strong>Berg-</strong></span> 
     </span>
     <span class='ocr_line' id='line_1_27' title="bbox 110 2089 666 2144; baseline -0.016 -6"><span class='ocrx_word' id='word_1_194' title='bbox 110 2096 204 2138; x_wconf 81' lang='lat' dir='ltr'><strong>kius</strong></span> <span class='ocrx_word' id='word_1_195' title='bbox 233 2094 467 2135; x_wconf 83' lang='lat' dir='ltr'><strong>Comment.</strong></span> <span class='ocrx_word' id='word_1_196' title='bbox 498 2089 666 2144; x_wconf 77' lang='lat' dir='ltr'><strong>p.872=</strong></span> 
     </span>
    </p>

    <p class='ocr_par' dir='ltr' id='par_1_8' title="bbox 111 2145 1593 2347">
     <span class='ocr_line' id='line_1_28' title="bbox 281 2145 1422 2214; baseline -0.004 -12"><span class='ocrx_word' id='word_1_197' title='bbox 281 2158 305 2202; x_wconf 91' lang='grc' dir='ltr'>ὁ</span> <span class='ocrx_word' id='word_1_198' title='bbox 334 2155 615 2206; x_wconf 74' lang='grc' dir='ltr'><strong><em>Λευκονοεύς.</em></strong></span> <span class='ocrx_word' id='word_1_199' title='bbox 671 2156 731 2199; x_wconf 86' lang='lat' dir='ltr'><strong>A.</strong></span> <span class='ocrx_word' id='word_1_200' title='bbox 760 2145 906 2214; x_wconf 78' lang='grc' dir='ltr'><em>ἐγῷδ’,</em></span> <span class='ocrx_word' id='word_1_201' title='bbox 935 2155 960 2199; x_wconf 91' lang='grc' dir='ltr'><strong><em>ό</em></strong></span> <span class='ocrx_word' id='word_1_202' title='bbox 991 2156 1069 2207; x_wconf 84' lang='grc' dir='ltr'><strong>τὰς</strong></span> <span class='ocrx_word' id='word_1_203' title='bbox 1097 2157 1260 2213; x_wconf 82' lang='grc' dir='ltr'><strong><em>κρήνας</em></strong></span> <span class='ocrx_word' id='word_1_204' title='bbox 1289 2154 1422 2210; x_wconf 78' lang='grc' dir='ltr'><strong><em>ἄγων.</em></strong></span> 
     </span>
     <span class='ocr_line' id='line_1_29' title="bbox 111 2226 1593 2285; baseline -0.006 -9"><span class='ocrx_word' id='word_1_205' title='bbox 111 2234 330 2276; x_wconf 83' lang='lat' dir='ltr'><strong>Metonem</strong></span> <span class='ocrx_word' id='word_1_206' title='bbox 369 2230 503 2285; x_wconf 81' lang='lat' dir='ltr'><strong>patria</strong></span> <span class='ocrx_word' id='word_1_207' title='bbox 539 2228 673 2270; x_wconf 77' lang='lat' dir='ltr'><strong>fuisse</strong></span> <span class='ocrx_word' id='word_1_208' title='bbox 703 2229 1069 2282; x_wconf 86' lang='lat' dir='ltr'><strong>Leuconoensem,</strong></span> <span class='ocrx_word' id='word_1_209' title='bbox 1110 2230 1234 2272; x_wconf 84' lang='lat' dir='ltr'><strong>etiam</strong></span> <span class='ocrx_word' id='word_1_210' title='bbox 1263 2229 1424 2272; x_wconf 84' lang='lat' dir='ltr'><strong>Aeliani</strong></span> <span class='ocrx_word' id='word_1_211' title='bbox 1455 2227 1506 2271; x_wconf 88' lang='lat' dir='ltr'><strong>V.</strong></span> <span class='ocrx_word' id='word_1_212' title='bbox 1537 2226 1593 2268; x_wconf 87' lang='lat' dir='ltr'><strong>H.</strong></span> 
     </span>
     <span class='ocr_line' id='line_1_30' title="bbox 112 2302 596 2347; baseline -0.014 0"><span class='ocrx_word' id='word_1_213' title='bbox 112 2304 152 2347; x_wconf 81' lang='lat' dir='ltr'>X</span> <span class='ocrx_word' id='word_1_214' title='bbox 180 2305 208 2346; x_wconf 78' lang='lat'>7</span> <span class='ocrx_word' id='word_1_215' title='bbox 237 2302 390 2346; x_wconf 83' lang='lat' dir='ltr'><strong>indicio</strong></span> <span class='ocrx_word' id='word_1_216' title='bbox 421 2303 596 2343; x_wconf 79' lang='lat' dir='ltr'><strong>constat.</strong></span> 
     </span>
    </p>
   </div>
   <div class='ocr_carea' id='block_1_7' title="bbox 361 2413 1276 2646">
    <p class='ocr_par' dir='ltr' id='par_1_9' title="bbox 361 2413 1276 2646">
     <span class='ocr_line' id='line_1_31' title="bbox 814 2413 886 2456; baseline 0.028 -2"><span class='ocrx_word' id='word_1_217' title='bbox 814 2413 886 2456; x_wconf 85' lang='lat' dir='ltr'><strong>IV.</strong></span> 
     </span>
     <span class='ocr_line' id='line_1_32' title="bbox 361 2498 1270 2559; baseline -0.003 -14"><span class='ocrx_word' id='word_1_218' title='bbox 361 2498 489 2545; x_wconf 77' lang='grc' dir='ltr'><strong>Ἀλλ’</strong></span> <span class='ocrx_word' id='word_1_219' title='bbox 523 2499 815 2559; x_wconf 81' lang='grc' dir='ltr'><strong><em>ὑπερβέβληκε</em></strong></span> <span class='ocrx_word' id='word_1_220' title='bbox 853 2500 968 2545; x_wconf 82' lang='grc' dir='ltr'><strong><em>πολὺ</em></strong></span> <span class='ocrx_word' id='word_1_221' title='bbox 997 2499 1077 2545; x_wconf 91' lang='grc' dir='ltr'><strong>τὸν</strong></span> <span class='ocrx_word' id='word_1_222' title='bbox 1104 2498 1270 2543; x_wconf 80' lang='grc' dir='ltr'><strong><em>Νικίαν</em></strong></span> 
     </span>
     <span class='ocr_line' id='line_1_33' title="bbox 363 2584 1276 2646; baseline -0.001 -15"><span class='ocrx_word' id='word_1_223' title='bbox 363 2586 633 2646; x_wconf 74' lang='grc' dir='ltr'><strong><em>στρατηγίας</em></strong></span> <span class='ocrx_word' id='word_1_224' title='bbox 662 2586 832 2640; x_wconf 74' lang='grc' dir='ltr'><strong><em>πλήθει</em></strong></span> <span class='ocrx_word' id='word_1_225' title='bbox 860 2603 907 2631; x_wconf 84' lang='grc' dir='ltr'><strong>τε</strong></span> <span class='ocrx_word' id='word_1_226' title='bbox 936 2584 1276 2646; x_wconf 75' lang='grc' dir='ltr'><strong><em>κᾰξευρήμασιν.</em></strong></span> 
     </span>
    </p>
   </div>
   <div class='ocr_carea' id='block_1_8' title="bbox 109 2693 1586 2831">
    <p class='ocr_par' dir='ltr' id='par_1_10' title="bbox 109 2693 1586 2831">
     <span class='ocr_line' id='line_1_34' title="bbox 219 2693 1586 2761; baseline -0.009 -14"><span class='ocrx_word' id='word_1_227' title='bbox 219 2702 368 2746; x_wconf 65' lang='lat' dir='ltr'><strong>fluidas</strong></span> <span class='ocrx_word' id='word_1_228' title='bbox 398 2704 459 2746; x_wconf 92' lang='lat' dir='ltr'><strong>lll</strong></span> <span class='ocrx_word' id='word_1_229' title='bbox 489 2717 531 2759; x_wconf 77' lang='lat' dir='ltr'><strong>p.</strong></span> <span class='ocrx_word' id='word_1_230' title='bbox 556 2704 662 2746; x_wconf 72' lang='lat'><strong>5882</strong></span> <span class='ocrx_word' id='word_1_231' title='bbox 692 2699 1038 2761; x_wconf 76' lang='grc' dir='ltr'><strong><em>ὑπερακοντίζεις</em></strong></span> <span class='ocrx_word' id='word_1_232' title='bbox 1067 2697 1168 2755; x_wconf 77' lang='grc' dir='ltr'><em>σύγ’</em></span> <span class='ocrx_word' id='word_1_233' title='bbox 1196 2695 1284 2752; x_wconf 81' lang='grc' dir='ltr'><strong>ἤδη</strong></span> <span class='ocrx_word' id='word_1_234' title='bbox 1317 2693 1479 2739; x_wconf 80' lang='grc' dir='ltr'><strong><em>Νικίαν</em></strong></span> <span class='ocrx_word' id='word_1_235' title='bbox 1507 2693 1586 2736; x_wconf 86' lang='grc' dir='ltr'><strong>τὸν</strong></span> 
     </span>
     <span class='ocr_line' id='line_1_35' title="bbox 109 2763 1585 2831; baseline 0.001 -17"><span class='ocrx_word' id='word_1_236' title='bbox 109 2771 439 2830; x_wconf 79' lang='grc' dir='ltr'><strong><em>στρατηγοῦντα</em></strong></span> <span class='ocrx_word' id='word_1_237' title='bbox 465 2774 686 2831; x_wconf 81' lang='grc' dir='ltr'><strong><em>μηχαναῖς</em></strong></span> <span class='ocrx_word' id='word_1_238' title='bbox 715 2775 792 2817; x_wconf 81' lang='grc' dir='ltr'><strong>καὶ</strong></span> <span class='ocrx_word' id='word_1_239' title='bbox 821 2768 1174 2831; x_wconf 76' lang='grc' dir='ltr'><strong><em>στρατηγήμασι.</em></strong></span> <span class='ocrx_word' id='word_1_240' title='bbox 1205 2767 1447 2826; x_wconf 78' lang='grc' dir='ltr'><strong><em>Σύμμαχος</em></strong></span> <span class='ocrx_word' id='word_1_241' title='bbox 1476 2763 1585 2822; x_wconf 73' lang='grc' dir='ltr'><strong><em>πρὸς</em></strong></span> 
     </span>
    </p>
   </div>
  </div>
 </body>
</html>
