1786 3210
199 168 286 210 374
785 167 1127 210 TELucmmS

201 275 475 337 πραγμάτων
503 276 783 335 ἠπορημένον
812 277 1064 332 καθῆσθαί
1096 292 1236 344 φησιν
1273 278 1411 323 αὐτὸν
1440 285 1697 339 (Periclem)
1765 320 1768 323 ,

201 350 249 392 ἐν
277 348 331 409 τῇ
359 347 484 392 πόλει
515 351 880 408 καρηβαροῦντα,
919 344 1024 393 ποτὲ
1068 350 1116 393 δὲ
1145 348 1286 404 μόνον
1326 352 1372 394 ἐκ
1402 355 1597 410 κεφαλῆς
1626 354 1696 397 ἑν·
1766 355 1784 416 {3

204 419 463 463 δεκακλίνου
488 419 695 476 θόρυβον
725 421 866 464 πολὺν
898 422 1213 475 ἐξανατέλλειν.
1261 426 1449 479 Respicit
1478 428 1584 469 haec
1607 429 1696 471 for-
1775 417 1784 450 7

203 500 314 536 tasse
345 495 494 535 Pollux
526 496 565 535 11
595 496 673 536 41:
712 508 855 548 καρη
874 493 1107 549 βαρικόν
1136 493 1186 536 τὸ
1217 486 1372 544 πάθος
1394 495 1696 552 Τηλεκλείδης,

206 562 257 605 τὸ
289 562 335 604 δὲ
364 560 451 605 ὑπὸ
481 564 629 618 μέθης
657 565 927 620 καρηβαρεῖν
956 565 1323 621 καρηβαριᾶν
1351 564 1700 640 ’4ριστοφάνης,

202 638 275 678 ubi
313 637 605 690 Aristophanis
645 642 688 678 et
728 638 955 678 Teleclidis
1005 639 1170 679 nomina
1218 642 1455 693 transponit
1494 643 1700 696 Bergkiun

207 709 443 749 Comment.
475 722 516 761 p.
547 709 632 748 330
662 709 799 749 locum
831 709 889 749 ita
919 708 1202 750 constituens:
1244 711 1350 750 ποτὲ
1384 710 1469 765 μέν
1505 708 1556 765 γ’
1587 708 1701 754 άπο-

205 774 294 832 ρῶν
343 807 639 821 .....
688 775 972 834 καρηβαριῶν
997 791 1043 818 τε
1071 773 1288 831 κάθηται,
1312 779 1320 836 Ι
1349 783 1452 822 ποτὲ
1483 778 1522 822 δ’
1554 781 1599 824 ἐκ
1627 797 1701 825 κε-

206 846 354 903 φαλῆς
384 847 474 891 κτλ.
507 864 587 903 qua
617 853 879 892 correctione
901 863 1101 904 perquam
1131 852 1316 893 insolens
1347 866 1519 896 caesura
1547 856 1591 899 in
1614 858 1701 910 pri-

205 932 318 960 mum
360 933 526 961 versum
566 922 761 964 infertur.
822 923 911 963 Nec
946 917 1084 974 μόνος
1125 923 1258 963 omitti
1294 911 1451 977 potest.
1517 926 1700 969 Pollucis

209 991 424 1031 annotatio
454 991 633 1034 fortasse
664 994 716 1034 ad
746 994 872 1034 alium
904 993 1132 1034 Teleclidis
1161 994 1299 1035 locum
1330 1001 1503 1049 spectat.
1571 998 1699 1041 Prae-

208 1062 394 1104 cedentis
419 1075 561 1104 versus
585 1063 692 1105 haec
719 1064 850 1106 fuisse
881 1064 1047 1105 videtur
1063 1066 1250 1106 clausula
1280 1067 1384 1106 ποτὲ
1414 1063 1465 1106 δ’
1481 1055 1623 1117 αὖθις
1642 1096 1700 1104 —

915 1216 1008 1257 Vll.

626 1292 933 1351 Ξυγγενέσθαι
965 1296 1040 1339 διὰ
1066 1296 1229 1356 χρόνου
1255 1297 1302 1354 μ’
1339 1298 1534 1360 ἐλιπάρει

436 1379 680 1436 δρυπεπέσι
708 1380 867 1438 μάζαις
898 1384 973 1426 καὶ
1005 1381 1381 1429 διασκανδικίσαι.

322 1495 564 1537 Athenaeus
597 1497 636 1537 11
667 1512 708 1552 p.
740 1499 797 1539 56
814 1500 853 1540 d.
895 1500 948 1540 de
980 1497 1247 1556 δρυπεπέσιν
1275 1496 1426 1551 ἐλάαις
1462 1502 1696 1547 disserena

207 1564 284 1605 καὶ
317 1565 452 1621 χωρὶς
491 1564 538 1606 δὲ
575 1567 655 1608 τοῦ
694 1565 883 1621 φάσκειν
923 1567 1054 1619 ἐλάας
1084 1568 1193 1612 αὐτὸ
1229 1569 1343 1612 καθ’
1377 1569 1508 1614 ἑαυτὸ
1547 1570 1697 1628 ἔλεγον

207 1631 350 1690 μόνον
380 1635 635 1690 δρυπεπεῖς·
675 1638 963 1691 Τηλεκλείδης
982 1637 1289 1695 Ξυγγενέσθαι
1318 1640 1394 1683 διὰ
1418 1639 1580 1700 χρόνου
1603 1645 1699 1691 -κτλ,
1774 1672 1776 1674 ·

208 1708 282 1749 Vs.
315 1708 338 1746 1
388 1708 579 1762 Toupius
611 1714 789 1753 Emend.
822 1714 862 1753 11
893 1728 933 1766 p.
965 1715 1049 1754 563
1080 1720 1176 1755 ante
1206 1713 1503 1767 ξυγγενέσθαι
1532 1718 1700 1772 supple-

209 1779 279 1818 bat
313 1773 403 1820 καί.
473 1781 581 1822 Tum
625 1797 702 1837 pro
741 1780 793 1836 μ’
834 1782 1031 1839 ἐλιπάρει
1071 1786 1196 1839 vulgo
1234 1783 1469 1841 λιπαρεῐτω
1503 1801 1606 1842 μου.
1664 1790 1700 1831 L

208 1844 437 1903 λιπαρεῖτό
467 1864 522 1903 με
570 1854 763 1902 Correxit
793 1855 1007 1896 Porsonus
1032 1858 1224 1910 Append.
1254 1858 1307 1897 ad
1338 1858 1490 1912 Toupii
1519 1861 1698 1903 Emend.

208 1932 251 1972 p.
281 1920 379 1961 491.
442 1922 504 1962 De
535 1919 831 1976 ξυγγενέσθαι
870 1927 954 1967 dixi
990 1927 1043 1968 ad
1074 1928 1231 1968 Cratini
1261 1928 1428 1982 Fragm.
1459 1944 1500 1983 p.
1531 1932 1602 1973 88.
1641 1957 1699 1967 --

210 1989 284 2030 Vs.
315 1992 343 2030 2
389 1989 621 2046 δρυπεπεῖς
649 1993 785 2047 μᾶζαι
816 1997 868 2036 de
898 1999 1032 2037 mazis
1062 1998 1165 2038 bene
1194 2000 1327 2039 coctis
1356 2000 1609 2056 intelligunt,
1638 2004 1698 2044 al-

209 2061 293 2101 lato
325 2062 484 2104 Cratini
514 2064 623 2114 loco,
653 2079 778 2117 quem
809 2079 934 2119 supra
964 2069 1085 2120 posui
1116 2082 1156 2121 p.
1190 2070 1295 2110 108:

745 2134 880 2188 μᾶζαι
912 2132 964 2175 δ’
999 2135 1046 2177 ἐν
1077 2139 1199 2178 ταῖσι
1230 2134 1528 2195 παλαίστραις

267 2194 503 2253 Αἰγιναῖαι
533 2203 857 2257 κατεβέβληντο
890 2205 1122 2262 δρυπεπεῖς
1159 2208 1318 2262 βώλοις
1347 2223 1392 2250 τε
1422 2208 1637 2265 κομῶσαι.

209 2271 295 2313 Sed
324 2273 450 2314 huius
479 2275 561 2315 loci
592 2277 733 2330 dispar
764 2283 827 2319 est
855 2281 976 2321 ratio.
1019 2282 1215 2322 Cratinus
1246 2283 1356 2323 enim
1386 2294 1552 2323 auream
1583 2288 1697 2324 aeta-

208 2347 294 2383 tem
325 2345 544 2396 describit,
576 2360 656 2400 qua
684 2362 821 2391 mazas
850 2352 953 2403 piris
983 2352 1188 2405 malisque
1217 2353 1375 2394 similes
1404 2353 1446 2394 in
1477 2353 1696 2395 arboribus

208 2420 435 2467 prognatus
467 2430 560 2457 esse
592 2421 749 2460 comice
780 2422 911 2462 finxit.
980 2423 1028 2463 Id
1058 2427 1197 2464 autem
1226 2425 1269 2463 in
1300 2423 1529 2465 Teleclidis
1556 2423 1696 2466 locum

208 2485 378 2525 minime
416 2490 620 2528 convenit.
698 2492 871 2530 Accedit
910 2493 1020 2544 quod
1061 2494 1302 2534 Athenaeus
1339 2491 1580 2547 δρυπεπέσι
1620 2508 1694 2534 ne-

209 2567 414 2607 quaquam
451 2570 545 2600 cum
581 2555 741 2611 μάζαις
781 2562 1019 2612 coniunxit,
1069 2565 1142 2603 sed
1176 2565 1351 2604 seorsim
1394 2564 1600 2616 intellexit
1638 2564 1692 2605 de

207 2630 388 2666 maturis
429 2628 565 2670 olivis.
646 2631 844 2672 Fortasse
884 2633 1012 2685 igitur
1050 2634 1135 2673 leni
1174 2634 1396 2674 verborum
1445 2633 1691 2676 traiectione

207 2695 318 2738 facta
349 2698 614 2740 scribendum
646 2704 734 2741 est:

461 2765 713 2824 δρυπεπέσι,
745 2771 819 2811 καὶ
848 2766 1006 2826 μάζαις
1038 2769 1416 2814 διασκανδικίσαι.
