1786 3210
256 281 484 324 Praeterea
527 277 790 321 Fritzschius
818 277 848 319 1.
880 277 910 318 l.
946 289 988 330 p.
1019 275 1103 317 281
1154 274 1372 329 episodion
1415 276 1470 318 de
1507 277 1751 324 comoediai
1775 263 1784 307 3·

256 357 376 408 parte
403 351 487 392 dici
516 362 640 404 posse
670 362 828 402 negans
858 348 1046 388 tentabat
1076 339 1216 402 ypohp'
1250 343 1390 388 αὐτὸν
1419 345 1466 388 ἐν
1494 343 1750 406 ’.Επιιοδὶᾳι

258 426 376 477 Quae
406 423 531 477 plane
561 423 804 475 portentosa
835 419 1077 459 coniectura
1108 422 1193 469 est;
1233 433 1482 473 quamquam
1518 421 1624 461 illud
1662 420 1750 463 for-
1778 423 1786 477 ,Ξ

255 498 367 536 tasse
405 496 523 533 recte
569 491 751 539 monuit,
789 503 882 529 esse
921 489 1028 529 haec
1071 491 1325 532 Comoediae
1362 493 1490 533 verba
1531 493 1580 532 ad
1614 493 1751 534 Crati-
1781 527 1783 533 .

255 579 378 615 num,
414 576 535 617 quam
575 562 700 602 etiam
739 561 782 601 in
821 562 1014 614 sequenti
1056 561 1295 616 fragmento
1338 565 1484 605 audire
1525 564 1605 605 sibi
1637 565 1786 606 visus!

256 641 333 677 est.
399 635 462 675 De
507 633 696 686 episodio
737 633 982 673 comoediae
1023 639 1144 687 parte
1184 634 1268 675 dixi
1298 636 1350 676 ad
1380 636 1620 689 Metagenis
1650 612 1786 691 Pha}

254 707 359 748 loth.
392 706 424 746 Ι.
493 703 683 756 Denique
721 702 801 743 Th.
835 703 1041 758 Bergkius
1081 707 1315 748 Comment.
1346 721 1387 760 p.
1415 710 1503 748 206
1541 708 1750 750 scrihebat

252 771 390 832 790290'
424 772 564 814 αὐτὸν
592 772 639 813 ἐν
669 771 858 830 ἐπεισίῳ,
889 776 1050 829 reliqua
1072 777 1194 818 alteri
1223 779 1516 821 interlocutori
1546 780 1748 821 tribuens.
1780 772 1786 826 Ῐ

254 848 339 889 Sed
370 847 524 887 vellem
555 846 681 886 huius
711 847 968 899 loquutionis
1007 850 1213 890 rationem
1255 851 1516 903 explicasset.
1589 850 1637 892 ln
1675 850 1749 892 tali
1783 871 1786 873 ·

251 921 344 961 loco
382 918 539 958 frustra
576 917 643 957 vel
684 918 1018 959 emendationem
1059 920 1126 959 vel
1166 921 1554 974 interpretationem
1593 922 1748 964 tentari
1784 927 1786 929 ’

254 990 400 1031 credo.
459 989 523 1029 De
555 989 786 1030 Clisthenis
817 989 944 1033 foeda
975 991 1172 1042 mollitie,
1203 1005 1324 1045 quam
1355 995 1490 1047 tangit
1520 994 1645 1035 etiam
1677 995 1747 1035 Li·
1780 996 1786 1017 ’-

253 1062 404 1104 banius
444 1073 521 1113 pro
563 1060 710 1103 Saltat.
741 1061 843 1102 xlx
872 1075 915 1115 p.
944 1061 1030 1102 5⁰0
1062 1061 1111 1104 Ι).
1151 1063 1249 1105 satis
1293 1070 1456 1107 constat
1497 1079 1548 1106 ex
1584 1066 1747 1114 Aristo—
1783 1053 1786 1058 ‘

252 1133 392 1187 phane
422 1128 619 1186 aliisque.

256 169 343 214 126
574 159 580 166 ’
887 161 1103 206 CRATIN
1105 161 1125 203 1

934 1265 1048 1308 XIV.

330 1342 611 1404 ”Υπέρβολον
641 1343 691 1390 δ’
723 1325 983 1404 ἀποάβέσας
1011 1348 1058 1390 ἐν
1088 1350 1180 1399 τοῖς
1210 1331 1409 1407 λύχνοισι
1437 1324 1637 1409 γράψόνζ

365 1494 597 1535 Scholiasta
635 1494 925 1548 Aristophanis
967 1495 1063 1537 Pac.
1103 1496 1211 1538 675:
1261 1488 1336 1536 ὅτι
1386 1492 1669 1550 λυχνοπώλης
1717 1494 1741 1537 ὁ

261 1562 508 1619 Υπέρβολος
537 1591 594 1598 --
623 1564 700 1604 καὶ
734 1564 956 1621 Κρατῖνος
987 1565 1034 1607 δὲ
1064 1565 1111 1607 ἐν
1126 1564 1304 1624 Πυτίνῃ
1332 1563 1612 1623 ’Υπέρβολον
1640 1566 1738 1610 ieri..

250 1637 313 1678 Ita
343 1638 528 1682 Venetus
558 1647 635 1690 pro
676 1637 789 1683 edito
820 1634 995 1694 γράψω,
1026 1640 1136 1693 quod
1178 1641 1220 1681 in
1252 1634 1399 1694 θάψω
1442 1641 1629 1680 mutabat
1657 1641 1742 1681 Do-

247 1710 399 1750 braeus
443 1709 618 1750 Advers.
661 1709 700 1750 11
739 1723 780 1763 p.
812 1712 912 1752 210.
982 1713 1239 1754 Fritzschius
1277 1711 1366 1752 l.1.
1408 1725 1451 1765 p.
1481 1712 1562 1752 281
1606 1711 1742 1761 „indi-

247 1785 398 1834 gnatur
428 1781 676 1831 Comoedia,
707 1782 742 1821 si
772 1783 839 1823 vel
870 1785 1163 1837 Hyperbolum
1194 1809 1250 1815 —
1280 1783 1456 1823 irridere
1488 1784 1666 1837 placeat,
1698 1787 1741 1824 et

246 1852 340 1893 fere
379 1853 460 1892 hoc
496 1854 644 1894 sentit:
686 1854 796 1906 Quid
837 1859 899 1896 est
930 1856 1177 1908 Hyperbolo
1217 1868 1311 1895 cum
1343 1855 1602 1895 Comoedia?
1640 1855 1740 1907 quin

245 1929 292 1966 tu
322 1938 474 1965 nomen
504 1925 592 1965 eius
624 1927 825 1979 expungis
857 1932 900 1966 et
929 1918 1068 1979 potius
1098 1928 1185 1966 illic
1216 1927 1386 1976 scribis,
1427 1927 1499 1966 ubi
1537 1927 1739 1967 candelae

244 1997 470 2045 veneunt?
539 1999 657 2050 Quae
697 2011 834 2050 neque
871 1999 1128 2051 argumentis
1160 2011 1297 2050 neque
1326 1997 1468 2038 refelli
1502 1999 1740 2039 confirmari

245 2074 434 2131 possunt.
495 2070 788 2123 Hyperbolum
819 2070 1014 2110 Cratinus
1045 2073 1346 2112 commemorat
1376 2071 1501 2110 etiam
1534 2069 1577 2110 in
1608 2070 1739 2131 Horis

248 2149 417 2203 Fragm.
447 2141 539 2188 XV.

954 2272 1047 2314 XV.
1074 2290 1091 2298 ·

389 2355 680 2410 Ὠς“λεπτός,
711 2347 738 2410 ἦ
771 2354 822 2396 δ’
856 2349 918 2419 ὅς,
950 2351 1058 2397 ἔσθ’
1093 2350 1117 2413 ὁ
1147 2352 1226 2405 τῆς
1250 2352 1414 2409 χορδῆς
1442 2349 1586 2408 τόμος.

364 2507 604 2549 Athenaeus
637 2503 697 2544 111
727 2516 768 2556 p.
800 2502 855 2542 94
875 2501 896 2540 f
904 2515 915 2541 τ
968 2496 1161 2552 Χορόῶν
1198 2496 1422 2551 μέμνηται
1461 2490 1740 2551 Ἐπίχαρμᾳς

250 2598 309 2611 -·—-
346 2576 569 2631 Κρατῖνος
606 2573 653 2615 ἐν
688 2569 867 2628 Πυτίνῃ
906 2565 994 2618 ’.Ως
1036 2564 1193 2616 λεπτός
1230 2566 1321 2609 κτλ.
1383 2568 1487 2609 Cod.
1522 2569 1567 2608 B.
1603 2563 1739 2618 ἐστίν.

252 2635 434 2690 Versum
461 2648 595 2696 hunc,
635 2659 758 2699 quem
790 2644 842 2684 ad
873 2642 1031 2684 Cratini
1062 2643 1349 2694 paupertatem
1382 2643 1574 2692 spectare
1600 2639 1738 2692 suopt-

251 2722 372 2760 catur
385 2718 645 2760 Fritzschius
671 2731 715 2770 p.
736 2714 836 2766 295,
867 2729 918 2755 ex
947 2713 1125 2757 convivii
1156 2711 1438 2764 descriptione
1469 2710 1735 2763 desumptum

253 2793 379 2845 puto,
412 2790 456 2831 in
486 2800 568 2842 quo
599 2789 793 2829 Cratinus
819 2787 917 2828 vino
958 2789 1002 2827 et
1039 2784 1143 2826 cibis
1172 2783 1344 2837 largiter
1372 2795 1470 2823 sese
1507 2782 1738 2837 ingurgita-
