1786 3210
298 183 359 223 oe
520 160 526 171 “
933 179 1170 223 an<r1N1

990 315 1086 358 vn.
1384 313 1387 317 ·
1634 319 1640 329 ¹

398 398 593 460 Χρυσίδι
623 398 826 442 σπένδων
854 398 1047 457 γέγραφε
1076 403 1167 451 τοῖς
1197 396 1330 458 ὄφεσι
1361 403 1476 444 πιεῖν
1503 399 1666 455 διδούς.
1780 383 1786 401 ζ

348 529 350 531 ’
405 519 645 561 Athenaeus
675 516 734 556 XI
753 515 956 568 p.502b:
991 511 1218 570 Χρυσίδος
1248 514 1294 558 δὲ
1326 513 1635 572 (μνημονεύει)
1653 517 1777 576 Κρα-

289 589 407 638 τῖνος
436 587 482 628 ἐν
510 583 708 640 Νόμοις·
744 582 940 640 Χρυσίδι
969 586 1172 628 σπένδων
1200 587 1294 631 κτλ.
1314 629 1325 633 ,
1354 592 1470 632 Nihil
1499 593 1570 633 hic
1599 605 1624 632 e
1654 592 1778 635 codd.

288 663 438 703 auxilii.
479 662 512 701 B
544 655 717 713 ὅφεσσι.
782 659 969 699 Metrum
1000 661 1169 712 quidem
1200 666 1244 702 et
1273 676 1440 704 sensum
1471 663 1777 717 quadammodo

285 735 481 775 restituas
518 730 739 771 scribendo
778 727 979 784 κέκραγε,
1021 731 1112 779 τοῖς
1152 727 1287 788 ὄφεσι
1323 733 1442 773 πιεῖν
1477 731 1620 778 δίδου.
1688 735 1777 778 Sed

285 805 355 858 qui
400 805 482 844 sint
521 802 584 843 illi
627 814 785 855 angues
834 815 917 843 non
963 804 1229 856 perspicitur.
1301 805 1471 846 Partem
1516 806 1600 846 loci
1637 806 1780 847 attulit*

281 877 520 918 Athenaeus
550 887 591 927 p.
623 874 708 914 496
721 886 759 914 e.
797 869 942 928 ῥυσίς;
987 869 1127 929 φιάλη
1154 872 1311 932 χρυσῆ,
1345 871 1586 931 Θεόδωρος.
1649 874 1778 932 Κρα-σ·

279 947 397 994 τῖνος
437 944 485 985 ἐν
513 940 708 998 Νόμοις·
747 941 897 1001 ῥυσίδι
934 945 1150 989 σπένδων.
1220 947 1285 989 De
1314 947 1440 1004 ῥυσὶς
1468 952 1586 991 reete
1627 949 1774 991 statuit

278 1019 504 1060 Piersonus
542 1018 594 1057 ad
633 1017 799 1058 Moerin
838 1031 879 1070 p.
909 1018 1009 1060 412,
1049 1019 1212 1060 frustra
1247 1025 1534 1074 repugnante,
1578 1026 1628 1067 ul:
1667 1020 1782 1062 mihi·

277 1090 444 1144 quidem
475 1090 653 1139 videtur,
684 1089 927 1131 doctissimo
955 1091 1186 1132 Letronnio
1207 1092 1382 1134 Dissert.
1413 1092 1467 1133 de
1495 1092 1652 1134 nomin.
1680 1105 1786 1134 vam*

274 1175 413 1216 graec.
451 1174 493 1214 p.
525 1161 580 1201 65
619 1173 771 1203 nomen
811 1161 938 1215 ρυσὶς
977 1175 1072 1203 cum
1110 1158 1245 1218 ῥυτὸν
1288 1170 1580 1216 componente.
1656 1164 1786 1206 Sane*

273 1230 408 1289 ῥυτὸν
444 1237 561 1273 recte
601 1246 625 1274 a
662 1230 745 1290 ῥέω
784 1233 958 1274 formari
998 1235 1158 1287 potuit,
1196 1248 1279 1276 non
1322 1235 1422 1276 item
1464 1230 1615 1291 ῥυσίς’·,
1653 1236 1786 1288 quod

272 1305 487 1358 analogiae
525 1305 690 1358 legibus
730 1306 855 1358 plane
892 1311 1114 1359 repugnat.
1184 1307 1221 1347 A
1252 1302 1388 1363 ῥυτὸν
1416 1310 1556 1347 autem
1592 1307 1630 1348 si
1669 1307 1786 1360 quie

271 1374 397 1432 ρυσὶς
425 1361 650 1417 format-um
682 1381 824 1430 putet,
864 1390 918 1417 ne
948 1377 1030 1417 hoc
1061 1377 1230 1429 quidem
1260 1377 1477 1431 analogiae
1506 1378 1767 1429 conveniret,

268 1462 346 1491 nec
375 1449 552 1502 primam
582 1449 857 1502 produceret;
888 1461 983 1490 nam
1015 1447 1141 1505 ῥυσὶς
1170 1449 1306 1504 prima
1334 1449 1475 1503 longa,
1506 1449 1593 1491 sive
1622 1449 1775 1504 potius·

265 1519 403 1580 ῥῦσις,
435 1525 546 1562 esset
576 1535 599 1562 a
629 1515 732 1578 ῥύω.
1766 1515 1770 1518 ’

948 1644 1066 1686 Vlll.

436 1729 531 1771 Καὶ
562 1724 726 1785 δρόσον
756 1724 935 1781 βάλλων
965 1694 1113 1769 ἕωθεν
1134 1726 1317 1783 χλιαρὸς
1346 1724 1575 1784 ταγηνίας.

376 1847 619 1888 Athenaeus
649 1846 750 1888 XIV
780 1859 822 1898 p.
853 1845 997 1886 6462:
1034 1839 1297 1898 Ταγηνίτης,
1327 1839 1522 1892 πλακοῦς
1545 1840 1592 1883 ἐν
1620 1839 1757 1901 ἐλαίῳΙ

261 1917 655 1971 τετηγανισμένος,
693 1912 721 1957 ὁ
761 1915 838 1957 καὶ
874 1912 1101 1968 ταγηνίας.
1162 1908 1430 1969 μνημονεύει
1460 1909 1655 1968 Μάγνης
1679 1931 1753 1951 ·...

259 1989 336 2030 καὶ
375 1989 597 2045 Κρατῖνος
635 1987 682 2028 ἐν
719 1984 893 2042 Νόμοις
935 1986 1030 2027 Καὶ
1071 1981 1236 2042 δρόσον
1276 1982 1454 2043 βάλλων
1490 1984 1584 2028 κτλ.
1664 1975 1751 2030 Pro

261 2060 405 2103 ἕωθεν
441 2063 622 2103 fortasse
660 2057 856 2101 ἄνωθεν.
930 2060 1088 2101 Rorem
1126 2064 1268 2101 autem
1298 2050 1441 2100 dicere
1471 2060 1638 2117 videtur
1665 2059 1749 2100 mel

258 2138 301 2174 et
329 2135 490 2184 oleum,
530 2134 713 2188 desuper
743 2147 767 2173 a
792 2132 1001 2191 'placentis
1042 2131 1125 2174 illis
1166 2130 1435 2172 destillantia.
1493 2130 1748 2188 Hesychius,

264 2202 513 2258 Ταγηνίαςε
567 2200 798 2258 πεμμάτια
838 2198 1054 2255 τηγάνων.
1128 2200 1172 2242 οἱ
1213 2199 1259 2241 δὲ
1299 2189 1448 2256 στέαρ,
1475 2194 1611 2257 ὑγρὸν
1647 2191 1747 2241 ἔπιέ

251 2272 464 2331 χεόμενον
510 2273 709 2333 τηγάνω,
755 2266 789 2332 ᾧ
830 2270 1161 2331 προσβάλλεται
1205 2271 1306 2327 μέλι
1351 2267 1533 2328 σησάμη
1562 2263 1744 2330 ,ε’λαιρν,

254 2350 315 2390 Ita
344 2350 460 2389 editi.
492 2350 636 2390 Codex
666 2344 895 2402 πεμμάτια
926 2343 1130 2399 τιγανῶν,
1161 2359 1238 2399 pro
1269 2358 1351 2398 quo
1383 2331 1744 2399 πεμμάτιάτινα
1772 2354 1776 2376 ··

253 2421 518 2462 scribendum
549 2422 728 2471 videtur,
758 2424 829 2460 aut
859 2413 1089 2471 πεμμάτια
1120 2411 1210 2457 άπὸ
1241 2411 1456 2468 τηγάνων.
1520 2415 1609 2457 Cfr.
1626 2415 1741 2457 Pho·
1778 2438 1781 2450 2

253 2494 335 2533 tius
355 2493 453 2533 Lex.
473 2507 512 2546 p.
527 2493 612 2533 564
643 2491 710 2533 15.
754 2492 820 2534 Ad
843 2485 1008 2545 δρόσον
1024 2502 1241 2543 compares
1258 2488 1446 2542 Alciphr.
1465 2487 1601 2542 Epist.
1620 2487 1639 2527 1
1668 2487 1739 2527 20.
1767 2509 1781 2514 =·

251 2552 374 2618 ἧπαρ
404 2559 547 2620 δρόσῳ
577 2560 835 2619 προσεοικὸς
867 2558 942 2602 διὰ
972 2557 1052 2611 τὴν
1089 2557 1135 2600 ἐκ
1173 2557 1250 2610 τῆς
1277 2555 1488 2609 πιότητος
1517 2554 1738 2610 λειότητα.
1762 2550 1775 2624 ξ

957 2648 1029 2702 1x-
1776 2699 1778 2702 ,

363 2732 539 2774 Photius
571 2734 670 2774 Lex.
701 2748 741 2787 p.
774 2736 854 2776 371
889 2734 958 2776 24.
998 2725 1263 2781 Παλαιστὴε
1295 2728 1527 2781 θηλυκῶς·
1558 2730 1762 2786 Κρατ·ῑ’--Γ

250 2817 323 2853 νος
361 2799 552 2858 Νόμοις·
599 2804 787 2858 μεῖζον
827 2803 882 2846 τὸ
919 2803 1041 2852 δέος
1079 2801 1412 2853 παλαιστῆς.
1481 2803 1621 2848 Photii
1660 2803 1761 2852 ad·
