1786 3210
509 169 773 210 FABULAE
807 167 1112 210 montrum.
1207 231 1212 235 .
1455 167 1541 209 2195

713 339 901 380 Lxxxl.

81 429 90 434 “
164 424 341 466 Photius
373 425 472 465 Lex.
493 437 533 477 p.
555 423 640 465 448
672 424 740 465 19.
773 420 947 478 Πριώνε
980 419 1213 475 ὀξυτόνως,
1243 420 1295 462 τὸ
1325 416 1536 479 ἅρμενον·

38 490 192 551 ,πρίων
230 494 297 544 δὲ,
337 491 395 543 ὥς
440 491 609 543 παίων,
649 490 673 533 ὁ
704 493 874 548 τέιιινων
904 495 964 552 τῷ
993 491 1164 552 ἁρμένῳ
1195 490 1358 552 τούτῳ·
1399 494 1451 534 τὸ
1491 493 1538 534 δὲ

49 551 357 615 πληθυντικὸν
386 563 560 620 πρίονες
591 563 666 605 διὰ
697 565 775 606 τοῦ
802 565 850 607 ὃ.
889 567 1119 621 Κρατῖνος.
1167 563 1244 617 ‚'‚ld
1276 582 1355 622 ego
1386 569 1447 608 sic
1474 569 1538 608 in-

49 642 288 692 terpretor,
319 640 617 679 nominativum
651 640 918 690 substantivi,
955 653 1035 693 quo
1066 640 1231 679 facilius
1264 654 1287 680 a
1317 640 1537 693 participio

30 709 339 770 'dign'oscatlin
381 715 579 764 oportere
620 712 735 760 acui,
775 712 850 751 sed
879 712 958 752 hac
989 712 1253 752 distinctione
1292 712 1333 751 in
1373 711 1538 751 casibus

47 781 317 822 inferioribus
348 795 453 835 opus
485 795 565 823 non
599 795 720 831 esse3
760 783 876 823 cuius
914 784 975 823 rei
1014 784 1206 837 exemplo
1246 783 1369 823 affert
1398 783 1539 835 plura-

49 852 145 893 lem'
174 849 373 906 πρίονες,
422 866 444 892 a
483 854 753 906 proportione
793 855 915 906 primi
957 867 1076 894 casus
1114 848 1256 907 πριών
1293 853 1538 893 dimotum?

46 923 166 963 Haec
182 924 417 963 Lobeckius
436 924 485 963 ad
503 924 634 977 Soph.
653 924 766 964 Aiac.
785 926 869 965 222
887 939 927 978 p.
947 926 1042 966 163.
1074 926 1282 978 Equidem
1313 925 1451 964 locum
1482 924 1539 964 ita

45 994 354 1048 intelligebam:
385 990 548 1050 πρίων,
582 991 782 1050 πρίονος,
811 999 966 1046 serras
982 998 1215 1038 acuendum
1249 1010 1365 1046 esse,
1396 990 1539 1048 πρίων

45 1070 184 1106 autem
228 1065 405 1119 fabrum
451 1066 693 1121 lignarium
736 1065 759 1120 (
773 1066 1080 1122 Saegemann)
1131 1069 1370 1120 significans
1423 1067 1537 1106 flecti

45 1132 248 1191 πρίωνος,
278 1151 355 1191 pro
387 1150 470 1190 quo
501 1138 715 1178 Cratinum
749 1139 901 1179 dixisse
933 1135 1128 1192 πρίονος,
1168 1139 1257 1179 sive
1287 1139 1425 1191 potius
1459 1150 1536 1178 nu-

45 1221 162 1249 mero
204 1209 356 1262 plurali
388 1204 575 1262 πρίονες.
637 1208 697 1248 lta
727 1212 774 1249 ut
803 1209 940 1250 locum
971 1212 1295 1263 interpretarer,
1337 1209 1536 1249 effectum

45 1285 134 1320 erat
150 1281 391 1320 coniectura
409 1280 628 1329 madon-fii,
657 1280 728 1332 qui
760 1282 977 1322 verissime
1007 1282 1109 1322 mihi
1127 1281 1394 1333 Aristophani
1408 1281 1535 1332 vesp.

45 1351 130 1391 694
159 1351 396 1391 restituisse
427 1352 668 1392 videbatur:
707 1340 824 1406 κᾷθ’
851 1348 909 1399 ὠς
940 1347 1100 1406 πρίων’
1136 1353 1199 1402 (Ιι.
1233 1366 1269 1392 e.
1303 1347 1484 1404 πρίωνε)
1511 1347 1536 1390 ὁ

41 1422 125 1476 μὲν
155 1417 319 1461 ἕλκει-ὁ
350 1420 377 1460 δ’
397 1416 407 1430 '
441 1417 747 1464 ἀντενέδωκεν.
818 1425 898 1476 Qui
929 1426 1047 1464 locus
1072 1436 1182 1464 nunc
1212 1424 1399 1463 omnium
1428 1435 1536 1463 unus
1571 1458 1580 1461 -

44 1498 111 1534 est
149 1494 190 1534 in
233 1506 314 1546 quo
345 1492 499 1547 πρίων,
537 1489 741 1547 πρίωνος,
783 1495 835 1534 de
862 1496 994 1547 fabro
1025 1495 1213 1549 lignario
1253 1495 1409 1534 dictum
1456 1499 1534 1536 est.⁴

18 1563 129 1607 'Sed
151 1577 231 1605 non
254 1565 453 1606 sufficere
483 1566 591 1605 hanc
621 1567 1007 1619 interpretationem
1041 1568 1106 1608 vel
1137 1567 1242 1607 illud
1267 1566 1421 1606 indicio
1453 1573 1534 1615 est,

43 1637 156 1689 quod
186 1632 327 1690 πρίων
356 1651 474 1677 serra
505 1639 711 1677 constanti
741 1651 816 1678 usu
849 1644 974 1691 atque
1011 1652 1061 1679 ex
1093 1639 1268 1679 disertis
1291 1638 1533 1690 grammati·

44 1720 190 1748 corum
230 1709 465 1760 praeceptis
504 1705 814 1761 παροξυτόνως
851 1710 1061 1750 scribitur.
1138 1711 1256 1762 Quae
1300 1722 1369 1748 res
1408 1709 1535 1748 movit

41 1779 176 1819 virum
207 1779 374 1819 doctum
409 1781 450 1830 ‘)
490 1784 536 1819 ut
568 1779 709 1820 Photii
740 1782 920 1833 glossam
961 1782 1018 1821 ita
1057 1782 1308 1834 refingeret:
1356 1776 1536 1833 Ilpiwv:

41 1846 94 1890 τὸ
123 1842 330 1904 ἄρμενον.
394 1846 533 1905 πριών
564 1848 609 1889 δὲ
641 1848 858 1902 ὀξυτόνως
887 1849 911 1891 ό
943 1851 1133 1902 τέμνων·
1165 1849 1216 1891 τὸ
1246 1850 1292 1890 δὲ
1325 1849 1536 1900 πληθυν-

38 1918 163 1961 τικὸν
194 1916 368 1975 πριόνες
397 1919 473 1961 διὰ
503 1920 584 1962 τοῦ
613 1922 637 1961 ὃ
670 1923 903 1978 Κρατῖνος.
973 1926 1111 1977 Atque
1141 1925 1193 1964 ad
1224 1924 1400 1964 eandem
1433 1937 1531 1964 nor-

38 2005 148 2034 mam
187 1993 454 2046 Aristophani
493 1995 658 2035 restitui
698 1996 829 2036 voluit
866 1992 1039 2047 πριῶνε.
1110 1996 1287 2036 obstant
1324 1995 1424 2035 huic
1465 2010 1532 2036 ra-

41 2065 145 2105 tioni
174 2065 300 2104 verba
332 2065 472 2118 Photii
501 2059 560 2112 ὠς
589 2062 748 2115 παίων,
780 2080 886 2119 quae
917 2081 955 2107 v.
987 2067 1028 2107 d.
1061 2079 1158 2107 casu
1190 2068 1426 2120 neglexisse
1458 2081 1533 2121 pu-

39 2135 191 2176 tandus
237 2141 315 2177 est.
400 2139 657 2190 Quamquam
696 2139 813 2178 ,haec
863 2131 1101 2178 difficultas*
1133 2139 1342 2178 removeri
1389 2146 1533 2191 posset

40 2206 262 2247 scribendo
301 2201 359 2254 ὠς
399 2204 586 2256 Haud»,
640 2210 717 2250 nisi
757 2214 891 2249 totum
930 2210 1033 2248 illud
1075 2210 1128 2249 de
1166 2205 1305 2263 πριών
1344 2209 1533 2262 πριῶνος

41 2277 130 2318 sive
161 2273 301 2330 πρίων
331 2275 543 2331 πρίωνος,
585 2281 696 2332 quod
740 2280 904 2319 fabrum
937 2281 1162 2332 lignarium
1191 2282 1426 2333 significare
1457 2296 1531 2322 vo-

41 2348 155 2398 lunt,
197 2353 511 2390 controversum
548 2355 589 2389 et
619 2352 659 2390 in
692 2351 780 2390 sola
810 2351 1048 2390 coniectura
1073 2352 1253 2403 positum
1286 2348 1410 2393 esset.
1484 2354 1528 2395 ln

41 2419 329 2472 Aristophanis
360 2421 527 2473 quidem
559 2421 652 2460 loco
684 2434 792 2460 nunc
822 2434 901 2461 non
935 2422 1078 2462 dubito
1110 2422 1206 2474 quin
1238 2435 1382 2462 verum
1415 2425 1528 2465 wide-

41 2491 97 2532 rit
124 2486 338 2544 'Reisigius
369 2493 488 2533 Coni.
521 2506 561 2545 p.
592 2492 677 2531 312
721 2492 791 2544 qui
829 2487 1005 2544 πρίοντε
1038 2494 1302 2534 scribendum
1337 2497 1527 2539 coniecit.

45 2561 94 2602 ln
123 2562 261 2603 Photii
292 2569 430 2604 autem
461 2564 600 2616 glossa
631 2564 792 2604 nullum
830 2564 890 2603 illi
933 2563 1093 2604 formae
1124 2566 1375 2618 praesidium
1408 2582 1527 2620 para-

36 2625 133 2672 'ttun
163 2623 238 2674 est.
299 2634 386 2676 cn.
422 2635 674 2676 Lobeckium
707 2635 887 2688 Paralip.
917 2640 1133 2688 grammat.
1163 2650 1205 2689 p.
1234 2637 1332 2678 554.

142 2776 173 2819 ¹)
195 2777 342 2820 Allgem.
368 2780 448 2816 Litt.
476 2782 566 2816 Zeit.
595 2784 686 2818 1837
713 2794 744 2827 p.
768 2783 851 2817 531.
