1786 3210
687 148 1010 196 ΚοΛΑΚΕΣ.
1439 207 1446 214 x
1513 155 1598 197 487

810 324 887 366 111.

217 410 469 452 Plutarchus
505 423 556 452 an
600 410 752 462 philos.
794 422 830 450 c.
871 409 969 451 viris
1012 409 1146 462 princ.
1186 422 1226 462 p.
1259 410 1407 452 mse:
1444 405 1592 469 ὥσπερ

56 476 67 489 '
99 469 181 521 οὖν
233 476 336 528 τούς
387 477 589 520 Καλλίου
625 477 998 535 κωμῳδουμένους
1043 474 1234 528 κόλακας
1278 478 1482 534 λέγουσιν
1528 480 1592 525 οὐ

98 549 228 607 πῦρ,
259 547 324 593 οὐ
355 547 613 608 σίδηρος,
645 547 777 593 οὐδὲ
810 548 1020 606 χαλκὸς
1059 549 1234 607 εἴργει
1268 549 1342 606 μὴ
1385 553 1591 608 φοιτᾶν

96 622 185 665 ἐπὶ
225 622 477 675 δεῖπνον,
513 620 627 663 κατὰ
664 621 745 664 τὸν
784 619 1000 666 Εὔπολιν.
1066 625 1182 666 Idem
1223 624 1356 667 Discr.
1394 626 1507 668 adul.
1545 632 1590 669 et

95 710 177 739 am.
207 710 247 750 p.
276 697 333 739 50
349 697 399 737 d:
439 693 540 736 οὐὸὲ
578 692 678 743 τοὺς
708 691 827 749 ἀμφὶ
859 691 1080 735 πλουσίαν
1111 690 1329 750 τράπεζαν
1358 694 1586 749 ἐγκυκλου-

92 765 274 821 μένους,
316 762 411 816 οὕς
453 762 576 808 οὔτε
623 764 754 822 πῦρ,
797 763 858 807 οὐ
901 762 1165 821 σίδηρος,
1210 762 1339 808 οὐδὲ
1376 765 1587 821 χαλκὸς

92 838 270 894 εἴργει
307 836 378 894 μὴ
419 836 631 895 φοιτᾶν
671 836 758 878 ἐπὶ
789 836 1041 879 δεῖπνον.
1102 840 1168 881 Ad
1198 840 1449 882 Adulatores
1479 841 1586 882 haec

91 910 315 952 referenda
346 925 442 954 esse
470 910 650 952 indicavi
680 909 803 952 Curis
833 911 926 952 crit.
957 923 998 965 p.
1029 910 1100 953 57.
1160 912 1302 954 Metro
1331 912 1389 954 ita
1419 913 1582 954 restitui

89 997 214 1039 posse
243 983 459 1026 videntur:

546 1047 610 1092 Οὐ
640 1049 741 1106 πῦρ,
772 1048 873 1092 οὐδὲ
904 1046 1102 1108 σίδηρος,

538 1117 639 1162 οὐδὲ
667 1119 831 1176 χαλκὸς
862 1117 1061 1176 ἀπείργει

537 1189 602 1249 μὴ
631 1191 796 1248 φοιτᾶν
824 1191 897 1234 ἐπὶ
929 1192 1118 1234 δεῖπνον.

87 1263 229 1305 Primo
258 1276 383 1306 versu
413 1266 548 1318 possis
579 1265 703 1307 etiam
734 1260 809 1315 οὓς
839 1263 927 1319 πῦρ
957 1262 1057 1305 οὐδὲ
1087 1260 1284 1318 σίδηρος,
1314 1265 1470 1306 omissa
1500 1279 1575 1307 ne-

87 1336 271 1396 guntione,
302 1340 349 1377 ut
376 1336 418 1376 in
449 1337 568 1390 lyrici
599 1341 751 1392 poetae
780 1337 1016 1392 fragmento
1048 1337 1158 1391 apud
1178 1337 1445 1378 Plutarchum
1464 1338 1573 1379 Mor.

87 1420 129 1461 p.
161 1407 246 1447 409
263 1408 303 1451 b.
345 1401 479 1455 ἀσκὸς
521 1403 573 1446 δ’
603 1402 703 1448 οὕτε
743 1420 808 1457 τις
850 1403 1087 1464 ᾶμφορεύς,
1118 1409 1294 1462 aliisque
1324 1408 1445 1449 locis.
1510 1409 1574 1450 De

83 1483 218 1520 metro
250 1478 347 1519 vide
375 1479 429 1519 ad
459 1479 728 1522 Pherecratis
758 1480 954 1522 Coriann.
987 1481 1038 1523 V.
1106 1479 1229 1533 Quod
1260 1491 1338 1520 nec
1366 1479 1463 1532 igne
1493 1492 1574 1535 nec

80 1563 183 1591 ense
212 1550 314 1590 istos
340 1563 364 1590 a
395 1551 536 1591 coenis
556 1552 770 1604 prohiberi
802 1552 913 1601 dicit,
945 1552 1096 1592 eodem
1119 1551 1372 1605 proverbiali
1405 1550 1570 1592 dicendi

79 1633 237 1679 genere
266 1633 367 1663 usus
397 1625 462 1661 est
490 1622 693 1665 Horatius
721 1623 859 1664 Serm.
891 1623 908 1664 1
942 1624 960 1663 l
997 1624 1067 1664 39.
1106 1636 1199 1664 cum
1230 1626 1274 1662 te
1309 1635 1444 1676 neque
1472 1623 1567 1675 ser-

0 1694 1 1708 ³
80 1692 203 1734 vidus
232 1697 375 1732 aestus
405 1692 641 1735 Demoveut
671 1694 814 1744 lucro,
839 1709 918 1736 nec
948 1695 1107 1745 hiems,
1142 1695 1283 1749 igni-3,
1311 1707 1452 1743 mare,
1470 1695 1569 1752 ser-

80 1777 186 1804 rum.
260 1764 504 1816 Propertius
537 1765 598 1805 ΙΙΙ
629 1765 685 1805 23
718 1765 785 1805 15.
815 1765 940 1806 Haec
968 1779 1047 1820 ego
1084 1779 1169 1805 non
1197 1766 1320 1818 ferro
1348 1778 1434 1806 non
1462 1766 1567 1819 igne

2 1872 4 1876 ,
81 1839 256 1876 coactus
298 1839 342 1875 et
373 1836 466 1888 ipsa
496 1834 750 1891 Naufragus
779 1836 932 1891 Aegea
961 1850 1062 1878 vera
1090 1836 1269 1889 fatebor
1307 1849 1433 1890 aqua.
1501 1837 1565 1877 Ex

73 1907 236 1961 graecis
250 1906 523 1960 scriptoribus
540 1908 730 1962 exempla
746 1908 885 1949 attulit
893 1909 1177 1950 Bernhardius
1190 1907 1402 1949 Eratosnn.
1414 1907 1565 1961 932⁰.

715 2036 773 2080 lv
803 2051 840 2079 a.
871 2037 912 2079 b.

184 2120 425 2162 Athenaeus
458 2121 518 2162 111
559 2136 599 2175 p.
635 2123 777 2164 10011:
820 2121 1009 2175 πληγαῖς
1051 2134 1097 2162 σε
1135 2116 1362 2176 χορτάσω,
1400 2114 1560 2174 ἐάνπερ

71 2187 132 2244 μὴ
163 2187 287 2245 εἴπῃς
309 2186 334 2230 ὁ
363 2189 775 2245 κοιλιοδαίμων
805 2192 926 2248 παρὰ
957 2191 1044 2249 τίνι
1074 2196 1226 2234 κεῖται.
1269 2219 1324 2225 -
1366 2186 1559 2237 Εὔπολις

71 2258 173 2309 τοὺς
208 2257 397 2309 κόλακας
434 2260 481 2300 ἐν
519 2259 580 2318 τῷ
615 2259 833 2321 ὁμωνύμῳ
874 2261 1067 2317 δράματι
1109 2258 1223 2303 οὕτω
1262 2260 1464 2311 κέκληκε·
1505 2257 1555 2300 τὸ

70 2330 115 2372 δὲ
145 2327 388 2387 μαρτύριον
425 2327 757 2387 ἀναβαλοῦμαι.
822 2336 988 2376 Utinam
1031 2326 1112 2376 non
1153 2334 1405 2376 distulisset!
1467 2331 1553 2372 No-

68 2405 180 2446 mine
196 2399 512 2456 κοιλιοόαἰμων
526 2409 694 2458 praeter
714 2406 849 2459 ipsum
863 2406 1125 2447 Athenaeum
1144 2407 1204 2447 111
1225 2420 1263 2459 p.
1281 2406 1337 2445 97
1353 2418 1376 2445 c
1407 2407 1449 2444 et
1463 2403 1549 2444 Eu—

66 2476 262 2518 stn‘thium
304 2476 458 2529 Opusc.
498 2490 538 2530 p.
571 2477 655 2517 209
686 2477 756 2519 41.
799 2490 898 2519 usus
935 2482 999 2519 est
1038 2479 1108 2531 qui
1148 2483 1293 2531 aperte
1331 2474 1551 2529 Eupolidis

67 2547 205 2589 locum
235 2551 332 2589 ante
362 2549 506 2590 oculos
535 2548 681 2589 habuit
711 2549 896 2591 incertus
936 2549 1133 2602 scriptor,
1175 2562 1299 2601 quem
1330 2547 1550 2590 Aelianum

42 2620 161 2659 'esse
203 2620 420 2673 suspicor,
461 2621 571 2674 apud
612 2621 782 2663 saidam
821 2634 860 2662 v.
907 2615 1092 2668 Ἰούνιος
1134 2620 1174 2660 11
1222 2620 1316 2660 120.
1363 2610 1548 2664 Ἰούνιος

67 2682 215 2741 ὄνομα
239 2683 298 2738 εἰς
327 2689 411 2741 τὴν
438 2687 615 2732 ἱππάδα
646 2687 797 2743 τελῶν,
828 2687 903 2731 διὰ
933 2689 986 2733 τὸ
1013 2690 1091 2731 καὶ
1119 2692 1278 2744 φαγεῖν
1307 2686 1416 2741 ζμῖν,
1441 2699 1547 2729 συν-

68 2755 189 2810 ήθης
217 2748 275 2810 ἦν
303 2762 457 2818 τρισὶν
477 2759 690 2815 ὑπάτοις,
724 2759 1139 2816 κοιλιοδαίμων
1168 2774 1223 2802 τε
1255 2761 1348 2812 καὶ
1375 2773 1546 2813 ταγη-
