1786 3210
344 244 426 284 148
969 235 1204 278 CRATINI

349 357 459 397 diam
497 355 632 405 traxit,
663 366 784 402 „cum
804 352 988 391 Pericles
1017 350 1219 403 plurimos
1249 361 1378 388 annos
1408 348 1670 402 gravissimas
1699 348 1786 390 inin

345 428 493 478 „citias
538 438 630 466 cum
656 425 829 464 Cimone
846 422 1096 474 Thucydide
1118 420 1340 473 Myronide
1364 420 1566 460 Leocrate
1597 420 1687 460 aliis
1717 433 1786 461 exe

347 498 525 550 „cuer-it,
558 502 599 536 et
630 494 824 547 quamdiu
842 493 1028 532 Pericles
1057 492 1119 532 rei
1147 492 1339 544 publicae
1369 491 1577 545 praefuit,
1610 492 1786 532 multitu«

345 574 417 621 „et
447 568 666 621 optimates
697 564 790 603 fere
821 563 910 603 sine
950 563 1035 603 ulla
1072 562 1379 602 intermissione
1409 562 1461 601 de
1492 562 1704 602 dominatu
1735 575 1783 603 co

346 636 625 691 ‚‚tenderint.''
713 634 785 676 Vs.
819 635 845 673 2
895 635 1138 686 Anonymus
1175 647 1249 687 pro
1280 628 1498 686 τύραννον
1527 633 1662 673 inutili
1692 635 1784 674 coni

346 716 462 752 ctura
492 707 660 759 scripsit
695 702 877 745 Τιτᾶνα.
926 732 982 738 —-
1029 705 1098 747 Vs.
1130 705 1157 744 3
1192 706 1379 745 imitatur
1408 717 1643 745 sermonem
1663 699 1784 745 'Hom

345 783 495 828 ricum,
528 778 646 818 cuius
678 778 868 829 exempla
899 765 1132 829 composuit
1157 776 1308 816 Sellius
1340 776 1513 817 Observ.
1546 789 1634 829 cap.
1667 776 1705 816 l.
1745 777 1786 818 01

346 850 548 892 Lobeckii
589 847 795 901 Aglaoph.
839 861 881 900 p.
911 848 995 887 860
1039 860 1126 899 sqq.
1194 848 1391 888 Ceterum
1430 859 1574 888 versus
1611 846 1786 901 fragmen

346 922 490 976 pauno
524 920 646 961 aliter
676 901 859 959 distinxit
891 918 972 960 Th.
1004 918 1209 971 Bergkius
1240 919 1268 959 1.
1294 919 1322 959 1.
1353 931 1394 971 p.
1426 917 1523 958 235.

1059 1056 1131 1098 IV.

478 1137 643 1199 “.Ηραν
674 1140 720 1182 τέ
750 1140 796 1181 οἱ
820 1136 1087 1182 Ἀσπασίαν
1115 1137 1250 1181 τίκτει
1279 1134 1652 1194 καταπυγοσύνην
1694 1136 1700 1158 ’

483 1223 716 1278 παλλακὴν
745 1222 988 1269 κυνώπιδα.

460 1342 710 1383 Plutarchus
728 1342 810 1384 Vit.
829 1342 924 1382 Per.
944 1355 1032 1395 cap.
1048 1342 1128 1382 24:
1166 1338 1212 1380 ἐν
1244 1337 1290 1379 δὲ
1320 1340 1416 1387 ταῖς
1444 1335 1694 1397 κωμῳδίαις
1715 1336 1726 1351 ’
1743 1336 1786 1394 Ol

349 1406 471 1467 ([άλη
512 1426 558 1452 τε
589 1411 665 1452 νέα
708 1411 783 1451 καὶ
813 1407 1051 1467 Δηϊάνειρα
1082 1411 1158 1452 καὶ
1187 1405 1321 1451 πάλιν
1349 1403 1471 1465 (Ἡρα
1513 1405 1786 1466 προσαγορεί

349 1494 447 1522 ται·
502 1482 726 1538 Κρατῖνος
769 1477 825 1522 δ’
868 1478 1071 1537 ἄντικρυς
1115 1478 1348 1532 παλλακὴν
1395 1478 1537 1532 αὐτὴν
1577 1480 1745 1539 εἴρηκεν

349 1549 548 1602 τούτοις·
585 1548 747 1611 ‘'Hpav
785 1553 829 1594 τὲ
859 1553 902 1594 οἱ
937 1549 1204 1594 Ἀσπασίαν
1242 1550 1376 1593 τίκτει
1412 1553 1488 1594 καὶ
1523 1565 1784 1606 καταπυγοσ

348 1636 432 1675 νην
461 1623 695 1675 παλλακὴν
723 1621 965 1666 κυνώπιδα.
1036 1627 1154 1666 Haec
1191 1639 1241 1666 ex
1269 1626 1416 1665 eodem
1449 1626 1635 1666 eiusdem
1667 1625 1786 1666 fabul

349 1697 559 1746 carmine,
591 1686 641 1737 eir
672 1711 753 1750 quo
786 1699 978 1751 superius
1008 1696 1312 1749 fragmentum,
1342 1697 1473 1749 petita
1501 1710 1592 1738 esse
1620 1710 1786 1750 perspffl

349 1768 534 1822 Sintenis
563 1768 591 1808 1.
623 1768 651 1808 1.
679 1781 721 1820 p.
753 1770 849 1809 298.
922 1768 1101 1809 Exhibui
1143 1772 1281 1808 autem
1313 1769 1543 1816 Hermanni
1575 1768 1782 1808 emendati

348 1851 446 1879 nem
488 1838 598 1892 apud
644 1839 927 1880 Sintenisium.
1000 1839 1136 1891 Vulgo
1185 1843 1280 1892 post
1327 1835 1461 1879 τίκτει
1506 1840 1704 1880 inseritur
1743 1851 1786 1879 κε

348 1909 461 1961 quod
493 1909 646 1949 delevit
676 1911 800 1961 etiam
831 1910 914 1950 Th.
944 1910 1149 1962 Bergkius
1180 1910 1413 1951 Comment.
1444 1924 1486 1964 p.
1517 1911 1615 1961 238,
1645 1911 1722 1964 pro
1753 1923 1786 1951 κε

347 1974 666 2033 ταπυγοσύνην
705 1982 890 2022 scribens
933 1975 1317 2032 Καταπυγοσύνη,
1368 1986 1414 2022 ut
1453 1982 1715 2035 Impudicitia
1757 1979 1786 2023 S

348 2055 472 2092 turno
504 2045 594 2104 (οἱ)
619 2054 834 2105 Aspasiam
865 2052 1082 2106 peperisse
1111 2051 1291 2103 dicatur3
1322 2065 1428 2106 quac
1457 2053 1578 2094 valde
1606 2054 1786 2124 probaP'l

349 2124 590 2163 coniectura
621 2127 697 2173 est,
728 2137 822 2164 cum
854 2124 905 2164 dc
935 2135 1013 2164 usu
1043 2123 1235 2164 adiectivi
1259 2120 1624 2176 xatanvydavvog
1653 2126 1786 2166 dubita

348 2194 496 2247 possit.
568 2194 633 2236 Ad
673 2195 860 2235 eiusdem
890 2194 1088 2247 Aspasiae
1125 2194 1167 2234 in
1198 2195 1277 2235 hac
1306 2196 1462 2236 Cratini
1503 2195 1643 2236 fabula
1672 2209 1786 2237 mem

347 2265 466 2315 riam,
497 2268 543 2306 ut
573 2266 715 2306 monui
746 2265 844 2305 olim
876 2266 1254 2317 Quaest.scen.111
1275 2279 1316 2319 p.
1334 2267 1390 2307 47
1420 2266 1550 2318 (Hist.
1567 2268 1658 2308 crit.
1671 2266 1786 2320 p.41:

349 2339 542 2389 spectant
578 2335 685 2376 haec
722 2336 831 2389 apud
871 2337 1136 2377 scholiastam
1166 2336 1353 2377 Platonis
1381 2351 1422 2391 p.
1455 2338 1565 2379 391:
1610 2335 1786 2392 Περικλε

351 2404 618 2461 δημηγορεῖν
666 2401 1015 2462 παρεσκεύασεν,
1058 2402 1116 2455 ὠς
1160 2400 1373 2461 Αἰσχίνης
1409 2403 1433 2447 ὁ
1467 2405 1770 2461 Σωκρατικὸς-

350 2473 548 2534 διαλόγῳ
574 2473 757 2532 Καλλίᾳ
788 2478 929 2528 (recte
958 2479 1197 2519 Dindorfius
1223 2473 1499 2534 Ἀσπασίᾳ),
1528 2477 1605 2518 καὶ
1633 2467 1782 2518 Πλάτι

350 2543 514 2601 ὁμοίως
550 2545 776 2598 Πεδηταΐς
816 2548 943 2598 (fort.
981 2547 1244 2600 Ποιηταῖς),
1276 2549 1499 2606 Κρατῖνος
1545 2546 1591 2589 δὲ
1624 2544 1786 2603 Ὀμφάι

350 2613 570 2673 τύραννον
598 2614 740 2668 αὐτὴν
769 2616 904 2668 καλεῖ,
929 2615 1086 2672 χείρων
1115 2614 1308 2668 Εὔπολις
1329 2617 1503 2668 Φίλοις·
1535 2617 1584 2659 ἐν
1613 2617 1658 2660 δὲ
1675 2618 1774 2676 Προ

351 2686 554 2738 παλτίοις
589 2686 774 2739 Ἑλένην
814 2684 956 2740 αὐτὴν
990 2688 1117 2730 καλεῖ
1125 2703 1133 2711 ·
1171 2684 1195 2729 ὁ
1227 2688 1271 2730 δὲ
1304 2689 1524 2746 Κρατῖνος
1561 2690 1636 2731 καὶ
1664 2683 1778 2747 ἿΗρο

352 2755 456 2806 ἴσως
486 2751 555 2799 ὅτι
584 2759 657 2799 καὶ
676 2758 892 2814 Περικλῆς
920 2756 1165 2815 Ὀλύμπιος
1194 2756 1553 2828 προσηγορεύετο.
1611 2764 1728 2815 Quae
1755 2763 1770 2803 l

352 2829 410 2871 ita
433 2830 670 2872 emendavi:
700 2829 924 2887 Κρατῖνος
937 2830 982 2872 δὲ
1010 2826 1252 2889 Ὀμφάλην
1282 2827 1423 2883 αὐτὴν
1451 2829 1774 2889 καλεῖΧείρωσ.
