1786 3210
239 165 326 209 476
827 166 1135 211 EUPOLIDIS

242 276 337 336 pius
385 281 530 324 Liban.
575 295 619 337 p.
648 284 727 324 99:
786 279 992 330 παιδείας
1037 277 1287 336 ὑπερβολὴν
1329 281 1405 323 καὶ
1448 279 1734 339 ἀναγνώσεως

243 349 365 395 ἔστιν
395 348 535 408 εὑρεῖν
565 351 612 393 ἐν
640 353 731 401 τοῖς
761 348 908 406 λόγοις
938 351 1555 407 λέξεσνκατεγλωττισμὲναις
1583 356 1735 411 ἐντυγ-

242 421 454 481 χάνοντα.
496 421 552 464 τὰ
589 422 697 476 γοῦν
726 419 977 472 Εὐπόλιδος
1017 422 1178 479 δένδρα
1207 421 1499 466 Λαισποδίαν
1540 427 1615 468 καὶ
1643 428 1734 470 Δα-

243 495 419 554 μασίαν
447 494 526 538 οὐκ
557 490 613 535 ἂν
643 493 851 548 παρῆκεν,
882 489 924 532 εἰ
952 491 1005 532 τὰ
1034 489 1238 549 ὀνόματα
1269 492 1379 548 ἔγνω
1409 494 1497 536 τῶν
1528 495 1736 553 δένδρων,
1762 503 1770 512 “

245 562 313 619 οἷς
339 568 420 610 νῦν
450 564 564 608 αὐτὰ
595 564 807 606 καλοῦσιν
838 563 881 605 οἱ
910 560 1164 620 ἅνθρωποι.
1233 569 1295 608 lta
1337 569 1447 609 enim
1491 583 1540 610 ex
1578 571 1736 612 Valesii

245 642 445 694 (Emend.
478 640 539 681 Ill
572 640 646 690 18)
689 639 929 679 coniectura
960 651 1035 691 pro
1067 632 1322 679 Λεσποσίαν
1352 640 1483 681 edidit
1513 641 1736 682 Boissona-

245 715 339 755 dus.
397 711 614 764 Eunapius
654 710 782 763 igitur
812 709 1089 762 Laespodiam
1128 715 1170 751 et
1199 711 1432 752 Damasiam
1469 712 1658 753 obsoleta
1695 715 1738 753 et

244 784 538 840 glossematica
578 783 773 823 arborum
812 781 981 821 nomina
1022 795 1115 822 esse
1155 781 1234 822 sibi
1263 787 1542 834 persuaserat.
1603 783 1738 831 Recte

244 858 360 898 illam
399 855 618 907 utriusque
656 866 751 894 cum
790 852 1008 893 arboribus
1047 853 1398 906 comparationem
1437 854 1488 894 ad
1519 867 1738 908 proceram

244 923 433 981 corporis
471 929 672 967 staturam
708 923 873 963 rettulit
912 923 945 964 1.
986 924 1166 977 Raspius
1196 937 1238 977 p.
1271 924 1326 964 63
1367 924 1492 966 allato
1522 925 1736 979 Aristoph-

243 1002 322 1042 AV.
345 997 471 1038 1475.
509 997 581 1037 ubi
613 996 869 1047 Cleonymus
899 1007 1074 1047 magnae
1104 995 1231 1036 homo
1266 999 1450 1037 staturae
1480 990 1667 1037 ἔκτοπόν
1694 1009 1739 1036 τι

245 1066 429 1125 δένδρον
459 1072 645 1109 vocatur.
711 1066 811 1106 Fuit
841 1070 981 1105 autem
1014 1067 1268 1119 Laespodias
1299 1067 1489 1108 bellicosi
1518 1068 1645 1109 homo
1673 1068 1738 1109 in-

246 1142 360 1197 genii
399 1138 703 1192 (Phrynichus
732 1137 915 1177 Comast.
948 1137 1064 1187 111),
1102 1138 1177 1178 sed
1217 1138 1328 1179 idem
1367 1139 1503 1180 litium
1543 1144 1585 1180 et
1622 1139 1738 1180 calu-

246 1214 455 1256 mniarum
486 1209 815 1250 studiosissimus
847 1207 1090 1260 (Philyllius
1125 1209 1320 1262 Plyntr.).
1353 1210 1393 1250 Is
1413 1211 1738 1263 Olymp.XC12

247 1298 342 1327 cum
374 1281 620 1336 Pythodoro
653 1284 695 1320 et
727 1279 948 1318 Demarato
989 1279 1189 1318 exercitui
1220 1279 1458 1332 praefectus
1489 1282 1738 1322 Laconicam

248 1357 382 1398 classe
429 1353 580 1393 invasit
620 1354 730 1390 teste
769 1349 959 1402 Thucyd.
999 1349 1056 1391 VI
1098 1349 1198 1391 105.
1250 1351 1320 1403 qui
1362 1364 1509 1393 rursus
1558 1353 1738 1393 eundem

248 1428 548 1470 commemorat
578 1423 679 1464 Vlll
711 1422 779 1461 86.
824 1421 896 1460 ubi
927 1421 1050 1461 simul
1082 1435 1175 1462 cum
1206 1422 1507 1475 Aristophonte
1538 1427 1579 1464 et
1611 1425 1738 1465 Mile-

247 1501 310 1542 sia
338 1514 361 1539 a
392 1495 707 1551 quadringentis
738 1493 903 1546 legatus
935 1493 1295 1534 Lacedaemonem
1333 1495 1482 1534 missus
1511 1494 1644 1535 fuisse
1671 1494 1738 1534 'di-

249 1553 388 1614 citur(
431 1567 624 1615 Eundem
658 1566 745 1604 sive
775 1564 902 1616 legati
934 1565 1021 1604 sive
1052 1565 1256 1616 praetoris
1288 1578 1462 1605 munere
1491 1556 1739 1619 fungentem

250 1643 448 1684 Thracen
490 1638 645 1678 obiisse
676 1636 870 1675 coniicias
902 1648 953 1674 ex
993 1634 1237 1687 fragmentis
1273 1637 1471 1676 orationis
1502 1636 1739 1688 Antiphon-

249 1715 305 1756 tis
335 1703 786 1757 κατὰγΛαισποδὶου,
824 1707 866 1746 in
905 1707 1052 1758 quibus
1091 1706 1291 1762 frequens
1324 1707 1625 1747 Thracicarum
1665 1719 1739 1747 ur-

247 1788 363 1828 bium
402 1782 615 1823 memoria.
688 1780 737 1821 V.
771 1779 1015 1830 Harpocrat.
1056 1791 1093 1818 v.
1126 1772 1340 1830 Γαληψός
1378 1791 1419 1831 p.
1448 1779 1504 1818 47
1536 1779 1590 1818 13
1629 1782 1739 1819 etv.

255 1850 429 1910 Οἰσύμη
446 1869 486 1908 p.
507 1854 588 1892 136
618 1852 658 1892 4.
692 1852 1052 1891 Commemoratur
1084 1850 1206 1889 etiam
1225 1863 1247 1890 a
1266 1850 1536 1903 Theognosto
1553 1850 1740 1892 Crameri

250 1927 410 1973 Anecd.
443 1925 483 1966 lI
513 1938 554 1978 p.
586 1925 612 1963 9
643 1923 721 1962 222
751 1916 1019 1967 Λασποδίας
1038 1921 1138 1972 (sic)
1165 1914 1501 1976 Ἀνδρωνύμιος
1530 1917 1624 1969 ἑνὸς
1653 1917 1741 1960 τῶν

247 1993 515 2048 Ἀθήνησιν
544 1992 790 2047 ἐπιφανῶν.
824 1993 907 2033 Ubi
937 1993 1033 2045 lege
1062 1986 1363 2047 ἀνδρώνυμον.
1397 1994 1577 2034 Crurum
1594 1994 1741 2034 vitium

252 2086 276 2113 a
306 2069 475 2111 comicis
513 2067 647 2119 poetis
686 2064 898 2117 frequenti
938 2064 1022 2102 risu
1062 2064 1297 2105 traductum
1336 2066 1458 2117 quale
1498 2065 1628 2104 fuerit
1656 2078 1740 2106 non

234 2143 355 2186 ,satis
397 2142 513 2180 certo
554 2140 740 2190 apparet.
822 2135 962 2175 Schol.
1002 2135 1215 2188 Aristoph.
1255 2136 1283 2176 l.
1315 2136 1343 2176 l.
1384 2131 1467 2188 ἔχει
1506 2125 1652 2190 (εἶχε)
1694 2132 1741 2174 δὲ

254 2211 355 2268 περὶ
383 2206 462 2258 τὰς
490 2204 660 2262 κνήμας
692 2203 814 2254 τινας
845 2201 1013 2256 αἰκίας,
1042 2197 1101 2254 ὥς
1130 2218 1245 2261 φησι
1273 2201 1491 2261 Στράττις
1519 2203 1569 2270 ἐν
1596 2204 1743 2257 Κινη-
1785 2252 1786 2255 ¹

255 2279 352 2342 σι’ᾳ.
396 2277 467 2322 διὸ
508 2279 582 2320 καὶ
618 2274 731 2319 κατὰ
773 2273 938 2317 σκελῶν
966 2270 1114 2332 ἐφόρει
1143 2273 1195 2319 τὸ
1227 2271 1418 2331 ἱμάτιον,
1447 2273 1506 2326 ῶς
1540 2272 1743 2332 Θεόπομ-
1784 2279 1786 2307 ῑ

253 2370 336 2405 noc
372 2352 419 2394 ἐν
451 2347 613 2392 Παισί.
681 2351 826 2403 Itaque
857 2349 1051 2389 Ciceroni
1088 2349 1236 2390 similis
1274 2349 1378 2401 fuit,
1419 2360 1543 2404 quem
1584 2351 1743 2392 varices

255 2442 358 2484 quas
386 2428 430 2467 in
461 2424 652 2466 cruribus
687 2422 868 2461 habebat
899 2425 995 2473 toga
1025 2421 1257 2461 occuluisse
1298 2425 1444 2462 auctor
1475 2426 1539 2462 est
1569 2422 1742 2478 Quintil.

253 2501 316 2543 XI
355 2499 382 2539 3
419 2497 488 2537 43.
564 2495 698 2536 Aliter
729 2492 992 2545 Hesychiu8‚
1029 2487 1340 2539 Λαισποδίαςε
1385 2487 1530 2546 ὄνομα
1565 2486 1739 2546 κύριον·

255 2566 366 2611 ἔνιοι
397 2567 443 2608 δὲ
473 2562 552 2606 τὸν
576 2560 870 2618 Ἀλκμαίωνα
902 2563 1024 2614 (cod.
1054 2557 1346 2615 Ἀλκμέωνα)
1377 2558 1600 2618 ᾠήθησαν
1628 2559 1743 2614 λέγε-

259 2640 395 2687 σθαι,
429 2636 473 2679 οἱ
488 2635 536 2678 δὲ
552 2634 631 2677 τὸν
649 2624 942 2690 δρεπανώδεις
961 2629 1103 2679 πόδας
1124 2629 1294 2685 ἔχοντα.
1326 2633 1408 2673 Ubi
1426 2646 1507 2686 quo
1524 2634 1744 2674 Alcmaeo-

258 2713 324 2757 nis
354 2710 555 2755 memoria
585 2711 748 2762 spectet
778 2708 828 2747 ab
859 2705 949 2746 aliis
979 2703 1078 2745 mihi
1110 2704 1305 2761 explicari
1337 2704 1475 2745 velim.
1543 2705 1745 2746 Eiusdem

258 2781 537 2838 vitiisooium
578 2779 713 2821 fuisse
753 2777 1008 2827 Damasiam,
1054 2775 1269 2818 hominem
1307 2774 1409 2818 alias
1448 2777 1657 2831 ignotum,
1697 2788 1748 2820 ex
