1786 3210
447 179 855 224 PnunncRA'rls
892 159 1067 220 ΑΓΑΘ
1076 175 1150 221 01.
1463 179 1549 223 253

27 285 176 351 sffoi'g,
205 295 304 352 περὶ
334 285 387 337 οὗ
416 308 556 353 φησιν
598 290 710 348 Ἐγώ
743 289 974 335 κατεσθίω
1002 291 1092 335 κτλ.
1136 293 1253 335 Idem
1272 294 1332 338 VI
1348 308 1389 348 p.
1406 295 1548 337 2480:

24 365 308 425 ῗόλιγοσίτου
348 367 395 409 δὲ
432 367 654 422 μέμνηται
699 361 918 422 Φρύνιχος
963 364 1011 406 ἐν
1049 361 1334 423 Μονοτρόπῳ
1374 386 1430 392 -——
1470 365 1550 407 καὶ

24 427 39 482 4
59 436 337 498 Φερεκράτης
367 434 396 491 ἢ
426 435 644 495 Στράττις
687 436 734 478 ἐν
769 433 1002 491 Ἀγαθοῖς
1042 434 1130 487 “Ως
1167 432 1417 492 ὀλιγόσιτος
1455 436 1549 481 κτλ.

16 497 34 546 '³ss
54 515 128 559 Vs.
159 515 188 555 4
228 508 407 568 ἡμέρας.
482 513 543 552 lta
583 511 655 552 lib.
693 511 732 552 X
776 524 944 561 omnes,
989 512 1060 552 lib.
1108 511 1168 555 Vl
1219 504 1455 565 ἡμετέρους
1498 511 1549 552 Β.

54 582 269 643 ἡμετέρας
303 586 348 626 Ρ.
396 584 478 624 Pro
507 578 680 636 μακρᾶς
709 583 743 622 Β
773 578 957 638 μακράς.
998 583 1114 624 Idem
1145 577 1271 622 αἰτία
1301 596 1378 636 pro
1410 577 1548 624 σιτία.

56 659 179 713 Quod
209 661 348 698 autem
379 668 572 695 voracem
602 654 735 704 illum,
768 655 838 707 qui
871 655 974 695 duos
999 655 1231 696 medimnos
1263 659 1305 695 et
1335 654 1551 695 dimidium

55 743 103 772 se
137 728 323 783 quotidie
361 726 585 768 comedere
623 725 842 780 professus
884 731 995 777 erat,
1043 727 1195 782 longae
1242 727 1357 768 navis
1395 726 1551 767 cibaria

55 803 258 843 devorare
289 799 402 850 dicit,
431 799 475 839 id
506 799 663 840 comica
687 799 1011 852 exaggeratione
1035 799 1191 840 dictum
1223 811 1316 840 esse
1344 796 1552 838 intellexit

54 873 294 916 Boeckhius
339 871 509 913 Oecom
538 871 625 912 Att.
659 871 677 911 1
708 884 749 924 p.
781 870 881 910 3⁰9.
950 869 1039 911 Cfr.
1071 870 1155 911 Th.
1185 869 1393 924 Bergkius
1423 870 1549 911 Com-

54 949 183 987 ment.
212 958 254 999 p.
284 942 383 984 286.

773 1094 827 1135 11.

197 1207 482 1268 Λονσάμενοι
510 1211 558 1254 δὲ
587 1209 674 1268 πρὸ
704 1208 912 1270 λαμπρᾶς

200 1295 367 1355 ἡμέρας
396 1297 444 1340 ἐν
473 1299 566 1348 τοῖς
596 1295 961 1356 στεφανώμασιν,
991 1296 1036 1338 οἱ
1066 1293 1113 1337 δ’
1146 1295 1194 1338 ἐν
1223 1294 1282 1355 τῷ
1310 1293 1435 1354 μύρῳ

200 1383 371 1427 λαλεῖτε
401 1384 501 1442 περὶ
531 1382 812 1443 σισυμβρίων
840 1378 1223 1442 κοσμοσανδάλων
1252 1397 1313 1427 τε.

168 1502 413 1545 Athenaeus
449 1502 529 1544 XV
567 1515 609 1555 p.
640 1501 770 1544 6581)
811 1503 865 1544 de
907 1502 1158 1556 corollarum
1198 1513 1279 1542 usu
1317 1501 1549 1542 disserens:

56 1569 142 1616 κᾶν
162 1570 658 1629 τοῖςκέπιγραφομένοις
687 1571 735 1614 δὲ
759 1568 991 1628 Ἀγαθοῖς
1010 1567 1287 1628 Φερεκράτης
1314 1566 1344 1622 ἢ
1372 1567 1552 1629 Στράτ-

56 1648 125 1696 ’τις
169 1642 284 1702 φησί
331 1639 617 1698 Λουσάμενοι
653 1643 701 1685 δὲ
733 1643 817 1701 πρὸ
847 1643 1055 1702 λαμπρᾶς
1083 1642 1176 1686 κτλ.
1241 1646 1447 1699 Apertum
1485 1648 1551 1687 est

57 1718 312 1773 reprehendi
341 1717 620 1759 Athenienses
659 1732 684 1759 a
713 1724 839 1772 poeta
879 1719 963 1760 otio
1009 1721 1051 1758 et
1091 1717 1252 1758 deliciis
1290 1718 1549 1759 diffluentes.

57 1791 234 1834 Distinxi
265 1793 405 1830 autem
434 1789 513 1829 hos
543 1802 712 1840 verena,
753 1791 931 1843 quorum
960 1789 1013 1830 de
1044 1794 1179 1830 metro
1213 1789 1318 1830 nihil
1349 1803 1395 1831 se
1425 1803 1553 1843 expe-

58 1864 151 1906 dire
181 1861 397 1917 professus
428 1864 518 1901 erat
548 1861 765 1902 Dobraeus
794 1862 848 1903 ad
877 1861 1090 1915 Aristoph.
1121 1861 1237 1902 Eccl.
1260 1875 1302 1915 p.
1316 1861 1398 1902 551
1432 1862 1549 1915 Lips.

57 1937 116 1978 ita
144 1939 192 1976 ut
221 1946 295 1975 eos
326 1932 643 1986 distinguendos
675 1947 768 1974 esse
797 1934 975 1975 indicavi
1007 1935 1175 1986 quaest.
1206 1946 1320 1974 scen.
1354 1934 1393 1974 11
1423 1948 1466 1988 p.
1479 1935 1551 1986 32,

57 2008 138 2050 nisi
175 2006 288 2062 quod
330 2009 543 2058 postrema
584 2006 711 2046 verba
750 2000 1132 2059 κοσμοσανδάλων
1175 2018 1221 2045 τε
1262 2019 1485 2060 perperam
1527 2021 1552 2049 a
1632 2022 1638 2026 ·

56 2077 405 2135 praecedentibus
423 2088 727 2129 separaveram.
758 2078 821 2119 De
839 2090 920 2131 quo
935 2077 1150 2119 admonuit
1169 2078 1293 2118 etiam
1311 2078 1394 2120 Th.
1415 2080 1548 2134 Berg-

57 2150 151 2191 kius
190 2149 425 2189 Comment.
461 2161 502 2200 p.
531 2149 629 2190 285.
701 2151 774 2193 Vs.
805 2151 833 2190 2
872 2146 918 2189 ἐν
959 2148 1051 2197 τοῖς
1093 2145 1464 2205 στεφανώμασιν,
1502 2153 1551 2192 in

61 2235 113 2263 ea
134 2221 229 2273 sori
250 2223 382 2272 parte
419 2218 494 2259 ubi
511 2220 646 2269 flores
684 2227 729 2263 et
759 2221 943 2262 corollae
978 2227 1175 2262 veneunt.
1247 2223 1550 2276 Aristophanes

59 2292 222 2336 Eccles.
267 2290 375 2330 303:
431 2288 640 2340 καθῆντο
684 2290 920 2340 λαλοῦντες
963 2290 1010 2331 ἐν
1052 2292 1144 2340 τοῖς
1186 2289 1549 2348 στεφανώμασιν.

32 2366 36 2368 ’
60 2363 264 2407 Similiter
292 2356 434 2415 μύρον
464 2361 517 2401 de
545 2362 728 2403 tabernis
758 2364 1045 2418 unguentariis
1076 2364 1178 2405 dixit
1207 2365 1422 2419 Aristoph.
1441 2367 1549 2419 Equ.

59 2435 199 2477 1371:

317 2499 373 2543 τά
402 2498 608 2558 μειράκια
638 2503 770 2544 ταυτὶ
799 2503 922 2559 λέγω,
953 2499 1037 2544 τάν
1068 2503 1127 2562 τῷ
1154 2501 1293 2565 μύρῳ,

317 2569 350 2615 c‘c'
377 2573 670 2630 στωμυλεῖται
699 2574 849 2617 τοιαδὶ
877 2573 1135 2632 καθήμενα.

63 2643 286 2698 Polyzelus
330 2649 440 2701 apud
482 2648 614 2690 schol.
662 2649 877 2704 Aristoph.
928 2650 1039 2692 Plut.
1079 2650 1190 2691 550:
1235 2646 1282 2690 ἐν
1324 2647 1385 2708 τῷ
1423 2647 1548 2710 μύρῳ

65 2710 175 2770 παρ’
204 2711 790 2776 ’.Αθηναίωνμακαρίζεταω
822 2750 878 2758 —-
909 2723 1026 2767 Vs.3
1055 2719 1224 2763 λαλεῖτε
1242 2722 1458 2768 Dobraeus
1475 2726 1504 2768 1.
1517 2727 1546 2768 l.

62 2786 201 2842 Vulgo
231 2785 440 2832 λαλεῖται.
