1786 3210
257 162 340 202 172
891 153 1125 196 CRATINl

255 277 392 314 terrae
430 271 646 312 fertilitate
691 273 733 310 et
763 281 868 321 quos
898 267 1060 308 fructus
1090 265 1264 318 singulis
1301 266 1397 306 anni
1429 266 1614 319 partibus
1642 271 1750 320 pro-'

255 344 442 392 duceret,
474 355 606 394 eaque
635 342 677 381 in
708 353 755 380 re
784 340 898 379 varie
930 338 1106 387 lusisse,
1144 328 1189 376 id
1217 337 1346 390 igitur
1375 349 1457 390 quo
1487 341 1598 378 teste
1628 350 1741 379 com-

254 418 419 468 pertum
465 414 616 452 habeat
653 424 735 451 non
772 409 1043 462 intelligitur:
1090 421 1138 448 ac
1174 421 1324 448 vereor
1360 421 1414 448 ne
1452 407 1755 462 Aristophanis¹

255 486 393 526 Horas
420 485 462 524 in
493 484 629 523 animo
668 480 875 520 habuerit.
949 480 1184 530 Welckeri‚
1223 481 1300 520 viri
1336 479 1671 533 ingeniosissimis
1698 482 1766 538 et}

255 569 378 610 quem
408 554 546 607 magni
585 552 695 592 facio
727 553 780 592 ob
811 552 1005 605 ingentes
1034 552 1278 592 eruditionis
1309 552 1473 604 copiaS,
1511 551 1586 591 sed
1616 563 1766 604 quem·

255 625 542 668 audacissimis
573 636 700 676 saepe
732 624 983 664 coniecturis
1012 623 1233 677 indulgere
1263 623 1401 673 video,
1421 621 1632 664 Welckeri
1660 622 1739 676 igi·
1768 666 1771 668 ,

253 702 323 738 tur
350 690 732 750 μουσοδονήματα
772 695 923 736 melius
962 696 1157 749 legentur
1195 695 1305 747 apud
1341 694 1491 747 ipsum.
1560 694 1613 736 V.
1642 693 1740 734 Mu·
1765 721 1782 769 'i

251 782 371 810 seum
401 767 539 808 Rhen.
571 780 664 807 nov,
688 766 771 807 vol.
805 766 823 806 Ι
852 781 892 820 p.
924 766 1009 807 586
1039 780 1127 819 sqq.
1172 767 1244 806 ubi
1281 766 1394 818 quod
1431 766 1595 819 scripsit
1625 778 1739 806 com·
1765 766 1781 828 3

251 851 507 883 memorasse
539 838 754 879 Cratinum
785 837 865 878 hac
893 838 935 879 in
967 838 1108 886 fabula
1138 837 1262 877 etiam
1292 837 1501 878 hominem
1521 837 1740 892 frigidum
1774 824 1781 857 '³

251 908 453 966 (ψυχρὸν
482 904 760 964 ἄνθρωπον)
804 914 847 950 et
869 910 1028 964 pocula
1050 910 1276 964 potatorz'a
1306 902 1504 964 (ῥυτά),
1546 912 1738 962 apertum

252 986 318 1023 est
355 983 488 1023 virum
526 982 742 1036 egregium
784 985 827 1022 et
864 981 1168 1023 Antiatticistae
1206 980 1387 1033 glossam
1416 994 1458 1033 p.
1489 980 1571 1021 116
1600 980 1656 1020 2⁰
1694 983 1738 1020 et
1772 991 1780 1038 ἢ

249 1052 594 1106 Harpocrationis
623 1053 762 1094 locum
794 1052 989 1115 (Fragm.
1021 1052 1149 1105 XVI)
1181 1050 1320 1106 paullo
1357 1051 1589 1105 inspexisse
1617 1049 1738 1092 festi·
1772 1051 1780 1080 ³-

248 1125 425 1166 nautius.

859 1242 1126 1252 —-—--——-.

404 1425 790 1468 {NCERTARUM
821 1423 1182 1466 FABULARUM
1215 1423 1587 1466 FRAGMENTA.

947 1527 957 1548 9

980 1549 1012 1589 1.

365 1637 563 1678 Aelianus
593 1636 645 1678 V.
676 1635 732 1676 H.
765 1634 804 1675 11
838 1634 914 1675 13:
951 1629 1170 1686 εὐδοκίμέι
1202 1630 1229 1671 δ
1245 1628 1256 1642 ²
1290 1621 1370 1673 οὖν
1398 1628 1519 1690 αὐτῷ
1547 1634 1732 1686 (Aristo-

250 1709 404 1763 phani)
434 1702 486 1747 τὸ
517 1704 679 1761 δρᾶμα,
710 1704 786 1746 καὶ
816 1701 900 1759 γάρ
930 1719 1000 1745 τοι
1029 1701 1079 1744 τὸ
1110 1702 1189 1744 τοῦ
1202 1701 1433 1759 Κρατίνου
1461 1702 1593 1745 τοῦτο
1623 1717 1732 1746 συν-

247 1779 330 1832 έβη
361 1777 506 1819 aiz-tote
535 1773 691 1818 ἄλλοτε
721 1777 796 1817 καὶ
826 1773 945 1828 τότε,
983 1775 1043 1833 τῷ
1073 1771 1253 1832 θεάτρῳ
1290 1774 1481 1826 νοσῆσαι
1517 1774 1596 1825 τὰς
1626 1777 1730 1833 φρέ-

248 1863 342 1899 νας.
400 1852 574 1892 Frustra
605 1850 775 1897 Grotius
807 1850 1025 1902 Excerptis
1051 1863 1091 1902 p.
1105 1848 1190 1888 495
1220 1850 1428 1889 senarium
1459 1863 1510 1890 ex
1539 1849 1606 1890 his
1635 1863 1732 1903 pro-

250 1923 386 1964 cudit:
424 1918 588 1972 συνέβη
618 1915 798 1976 θεάτρῳ
828 1916 926 1959 τότε
958 1918 1148 1969 νοσῆσαι
1185 1916 1264 1967 τὰς
1294 1918 1470 1974 φρένας.
1532 1921 1650 1962 Nihil
1680 1934 1731 1962 ex

247 1995 316 2035 his
347 1993 588 2052 Cratinqglm
626 1992 706 2032 nisi
742 1996 955 2044 postrema
995 1993 1141 2041 verba,
1185 2004 1290 2044 quae
1326 1992 1437 2033 hunc
1480 1993 1523 2033 iu
1559 1992 1730 2034 modum

246 2069 380 2107 metro
411 2064 647 2117 Eupolideo
678 2063 843 2117 scripta,

559 2131 619 2190 τῷ
650 2131 697 2173 δὲ
726 2126 906 2190 ’θεάτρῳ
933 2128 1149 2183 ’νόσησαν
1179 2132 1229 2173 αἱ
1259 2132 1424 2188 φρένες,

245 2209 289 2249 in
318 2206 509 2261 parabasi
539 2207 676 2246 locum
707 2206 864 2246 habere
894 2209 1134 2258 potuerunt.
1185 2206 1396 2257 Gonqueri
1426 2205 1536 2245 enim
1565 2205 1730 2247 videtur

245 2284 370 2333 poeta
401 2279 509 2330 quod
542 2291 663 2330 quam
694 2277 891 2330 proximis
922 2277 1128 2330 Dionysiis
1167 2278 1430 2317 commiserat
1467 2277 1610 2318 fabula
1646 2290 1730 2319 non

245 2350 451 2404 placuerit
479 2354 760 2402 spectatorum
791 2349 970 2389 iudiciis.
1009 2344 1244 2401 Respicere
1274 2348 1438 2389 videtur
1467 2348 1729 2401 adeundam

246 2422 405 2464 Cratini
434 2421 571 2461 locum
602 2420 863 2473 Phrynichus
893 2420 1001 2473 App.
1032 2420 1152 2474 soph.
1183 2433 1225 2474 p.
1256 2420 1313 2461 52
1341 2421 1419 2461 28:
1458 2417 1624 2459 Νοσεῖν
1651 2415 1730 2468 τὰς

247 2490 425 2550 φρένας,
456 2490 602 2532 νοσεῖν
631 2488 710 2529 τὸν
738 2487 857 2530 νοῦν.
1760 2484 1762 2488 ’

958 2603 1012 2644 11.

360 2689 638 2731 Antiatticista
668 2703 709 2743 p.
742 2690 826 2729 108
855 2690 924 2730 24.
986 2682 1348 2735 Μεσόκοποςτ
1385 2683 1638 2743 ἀρρενικῶς,
1675 2686 1726 2730 τὸ

174 2796 183 2800 ,
247 2758 458 2815 ἐπιμέσου
484 2756 668 2810 ἡλικίας.
715 2758 950 2816 Κρατῖνος.
1009 2762 1211 2814 Apertum
1243 2765 1306 2802 est
1336 2760 1602 2803 scribendum
1633 2752 1744 2804 esse'
