1786 3210
65 3 85 18 A*

0 0 54 85 'E
173 57 184 70 ι

0 75 4 83 »
19 80 23 83 .

464 188 730 232 FABULAE
772 186 1078 230 INGERTAE.
1430 188 1517 231 579

37 295 219 358 φαύλως
259 296 425 356 ἐρείδει.
485 328 541 335 -
599 302 672 344 νε.
702 302 730 342 6
765 298 848 354 μὲν
875 313 899 340 a
927 299 1119 340 Bentleio
1148 298 1346 342 additum.
1407 302 1513 346 Ibid.

26 366 344 428 ἐρεπτόμενον.
403 373 655 415 Scholiasta:
684 366 954 424 ἐκφαντικῶς
981 365 1040 418 ὦς
1067 367 1139 409 ἐπὶ
1168 364 1365 418 κτήνους.
1402 372 1513 416 Tum

27 437 196 496 ἀνέρων
223 441 407 484 fortasse
436 446 678 495 corruptum
709 447 786 482 est.
846 442 974 483 Certe
1003 453 1202 494 perquam
1234 441 1416 483 insolens
1447 449 1511 485 est
1569 456 1586 462 ‘⁷

27 514 72 556 in
101 518 228 568 poeta
256 514 420 554 comico
448 512 584 554 forma
613 513 848 567 trisyllaba;
890 512 1051 552 accedit
1091 512 1202 564 qnod
1233 512 1334 552 alias
1365 513 1515 556 divites

0 607 1 643 3
27 584 269 638 simpliciter
299 580 344 622 οἱ
375 579 544 637 ἔχοντες
574 584 780 634 dicuntur,
812 595 893 623 non
925 581 1049 623 facile
1080 581 1124 622 οἱ
1155 578 1324 636 ἔχοντες
1353 577 1510 638 ἄνδρες

0 645 1 648 ¹
27 656 96 697 vel
124 650 372 708 ἅνθρωποι.
432 680 488 687 —
544 654 616 696 Vs.
646 656 675 695 7
704 654 828 708 vulgo
858 647 1091 706 ἀνομοίως,
1122 653 1235 706 qnod
1264 646 1321 691 ἂν
1350 647 1512 706 ὁμοίως

27 725 413 786 scribendumxesse
442 724 546 765 vidit
577 723 783 776 anerus.
845 724 1116 765 Confirmavit
1155 724 1246 764 cod.
1278 725 1511 767 Ravennae.

26 821 84 828 —
129 797 200 838 vs.
231 797 284 836 11
327 791 429 836 οὐδὲ
460 789 764 835 πυνθάνεσθε
793 792 884 834 κτλ.
961 795 1210 845 „Parodiam
1242 808 1336 836 esse
1364 809 1511 838 versus

25 866 242 921 Euripidei
287 868 540 908 Alcmaeone
585 865 796 907 annotavit
839 865 1077 907 scholiasta.
1150 865 1272 917 Quod
1315 865 1368 906 de
1414 866 1512 908 Alc-

29 950 205 979 maeone
241 935 303 994 τῷ
338 933 414 977 διὰ
450 934 663 993 Ψωφῖδος
698 948 794 977 esse
822 936 1144 990 intelligendum
1176 936 1339 978 ostendi
1368 934 1509 979 Praef.

28 1009 82 1050 ad
110 1009 296 1051 Alcestin
325 1023 368 1063 p.
398 1010 465 1051 9.”
508 1007 763 1050 Dindorfius.
807 1032 862 1039 —-
907 1007 982 1049 Vs.
1016 1007 1070 1047 12
1097 1005 1192 1046 libri
1225 1002 1511 1060 Καρχηδόνα.

27 1079 221 1121 Correxit
250 1081 534 1121 Casaubonns.
592 1079 655 1119 De
685 1076 821 1118 forma
850 1081 1018 1118 vetusta
1048 1080 1091 1117 et
1119 1078 1301 1130 genuina
1334 1075 1513 1131 Καλχη-

27 1144 116 1188 δών
143 1162 221 1203 pro
254 1146 504 1199 Χαλκηδών
534 1162 572 1189 v.
601 1149 654 1189 ad
684 1147 963 1189 Menandrum
987 1147 1102 1200 p.93
1131 1151 1176 1188 et
1208 1148 1513 1191 Bernhardium

26 1220 80 1261 ad
110 1219 352 1273 Dionysium
382 1220 547 1273 Perieg.
579 1218 618 1260 11
649 1231 692 1271 p.
714 1218 815 1259 746.
850 1242 896 1248 —
934 1218 1011 1260 Vs.
1042 1218 1098 1258 18
1127 1213 1406 1272 Ναυφάντης
1434 1217 1514 1270 τῆς

27 1286 289 1338 Ναύσωνος.
341 1290 597 1331 Scholiastaz
629 1283 871 1337 πεποίηται
899 1286 1043 1327 ταῦτα
1072 1284 1128 1327 τὰ
1157 1281 1359 1341 ὀνόματα
1389 1286 1513 1345 παρὰ

26 1356 111 1411 τὴν
137 1359 262 1403 ναῦν.
306 1387 363 1394 -
409 1361 481 1403 νε.
513 1361 567 1400 19
596 1356 643 1399 ἐκ
671 1354 848 1409 πεύκης.
878 1359 1134 1401 Scholiasta:
1163 1354 1326 1400 ώσανεὶ
1356 1356 1511 1413 ἔλεγεν,

27 1428 150 1486 εἴπερ
177 1428 222 1482 ἐξ
251 1425 508 1486 ἀνθρώπων
536 1423 629 1484 εἰμὶ
665 1425 799 1483 κάγώ.
859 1425 939 1484 οὐχ
981 1425 1130 1478 ἁπλῶς
1170 1428 1240 1481 δέ,
1277 1425 1380 1470 ἀλλ’
1414 1422 1513 1472 οἷον

28 1496 70 1543 εἰ
91 1499 231 1556 χολὴν
258 1498 355 1557 ἔχω.
386 1497 476 1542 ἀπὸ
506 1496 668 1542 τούτου
698 1498 748 1541 τὸ
779 1495 1063 1544 πευκεδανόν.
1099 1528 1155 1534 ——
1202 1502 1276 1544 vs.
1307 1504 1363 1543 20
1393 1499 1518 1544 δοκεῖ

27 1574 256 1616 Bentleins.
300 1574 415 1615 Libri
446 1570 573 1614 δοκῶ.
609 1597 665 1605 —-
702 1573 775 1614 Vs.
806 1573 860 1614 21
893 1565 1112 1620 πλεούσας
1141 1572 1353 1614 Reiskius.
1394 1573 1510 1615 Libri

28 1639 281 1693 πλεούσαις.
336 1669 394 1678 --
458 1645 532 1687 Vs.
566 1644 623 1685 24
653 1644 760 1686 ludit
787 1645 831 1687 in
861 1644 1096 1687 nominibus
1124 1637 1152 1692 ἡ
1183 1638 1335 1699 σκάφη
1364 1644 1510 1686 alveus

30 1721 76 1759 et
104 1712 156 1757 τὸ
185 1710 355 1771 σκάφος
381 1715 601 1759 navicula.

1139 2844 1246 2884 37·
