1786 3210
609 157 932 204 ΘΡΑιΤΤΑΙ.
1210 158 1215 164 ’
1262 186 1269 194 ’
1449 166 1505 207 ol

27 294 41 314 Ψ

8 323 46 402 ζ
422 335 460 377 ο
520 335 565 378 Ρ
616 333 682 377 Aa
744 334 787 375 T
844 333 887 375 T
939 331 988 374 Α
1042 330 1081 375 1.

120 486 212 539 Quo
253 487 445 537 tempore
479 482 586 522 haec
626 480 770 521 fabula
809 483 900 520 acta
947 493 1042 520 esse
1081 478 1271 520 videatur
1319 479 1503 525 indicavi

5 558 106 600 olim
149 559 319 609 Quaest.
364 568 477 596 scen.
511 554 529 594 I
568 567 610 607 p.
643 553 697 592 16
738 552 880 602 (Hist.
922 552 1014 592 crit.
1054 551 1159 604 46).
1227 553 1334 593 Nam
1373 567 1502 607 quum

2 630 49 672 in
100 628 236 683 primo
283 627 519 680 fragmento
575 624 809 664 ostracismi
854 623 1077 664 discrimen
1131 631 1501 679 commemoretur,

3 701 117 755 quod
158 699 344 739 Pericles
386 698 570 738 feliciter
619 697 820 746 evaserit,
872 696 939 735 vix
994 695 1176 735 dubitari
1218 700 1358 748 potest
1402 699 1503 751 quin

3 773 213 814 Thressas
244 770 436 812 Cratinus
468 769 636 809 circiter
669 769 837 821 Olymp.
870 767 1088 809 LXXXIV
1124 767 1299 808 ineunte
1335 769 1379 810 in
1409 784 1504 813 sce-

0 827 98 886 uam
134 842 392 896 produxerit.
462 842 770 893 Argumentum
810 838 980 878 fabulae
1011 838 1063 877 ad
1091 838 1404 882 Bendideorum
1435 857 1504 885 sa-

1 926 170 963 crorum
208 912 503 953 solennitatem
543 914 779 964 spectasse,
821 909 1082 962 chorumque
1125 923 1149 950 e
1180 910 1379 954 Thressis
1408 926 1503 957 mu-

0 985 196 1043 lieribus,
227 997 333 1037 quae
363 996 482 1024 sacra
511 982 584 1022 illa
615 982 877 1032 curaverint,
921 982 1198 1035 compositum
1228 982 1384 1036 fuisse,
1415 999 1502 1031 non

0 1049 284 1112 improbabilis
316 1059 379 1096 est
410 1053 650 1095 coniectura
678 1053 849 1106 Bergkii
882 1054 1117 1095 Comment.
1148 1067 1192 1108 p.
1224 1056 1293 1097 91.
1324 1070 1379 1097 ne
1409 1043 1500 1102 tum

0 1129 168 1184 quidem
207 1128 280 1168 illa
316 1127 502 1168 veritatis
540 1125 682 1180 specie
722 1126 848 1178 plane
884 1125 1106 1176 destituta,
1160 1126 1196 1167 si
1236 1128 1501 1174 Boeckhium

0 1189 124 1252 (lud.
155 1200 253 1240 lect.
282 1191 445 1239 hibern.
479 1198 591 1238 1828
621 1211 664 1250 p.
695 1197 782 1248 12)
824 1201 1025 1250 sequutus
1057 1197 1266 1239 Thraciae
1297 1200 1402 1242 deae
1433 1216 1502 1245 sa-

2 1284 74 1319 cra
104 1272 272 1311 demum
305 1271 472 1325 Olymp.
502 1269 622 1310 XCII
652 1268 821 1322 publica
860 1269 1108 1308 auctoritate
1149 1270 1199 1309 ab
1230 1272 1502 1316 Atheniensi-

0 1335 79 1384 bus
121 1347 292 1396 recepta
337 1352 430 1381 esse
475 1340 686 1381 statueris.
762 1340 868 1380 Cum
907 1340 1018 1380 enim
1061 1346 1389 1386 consentaneum
1429 1348 1499 1407 sit,

0 1413 263 1468 peregrinam
300 1412 499 1452 Bendidis
547 1412 822 1464 religionem,
869 1416 1093 1463 antequam
1133 1414 1304 1466 publice
1343 1417 1499 1459 consti-

0 1489 211 1534 tueretur,
256 1484 299 1524 in
340 1484 506 1524 occulto
538 1487 779 1535 serpentem
811 1483 972 1522 animos
1004 1484 1156 1524 civium
1187 1487 1329 1526 multis
1361 1490 1498 1533 modis

0 1569 251 1610 occupasse,
290 1556 334 1595 id
370 1557 507 1608 ipsum
549 1554 765 1594 Cratinum
805 1568 976 1595 movere
1015 1556 1175 1608 potuit,
1225 1563 1273 1598 ut
1311 1559 1499 1606 fabulam

0 1629 223 1677 adheret,
258 1639 364 1679 quae
395 1627 643 1680 gliscentem
675 1626 938 1679 alienigenae
965 1628 1278 1679 superstitionis
1309 1644 1498 1678 amorem

0 1700 282 1761 restingueret
317 1703 361 1738 et
395 1711 450 1739 ne
491 1699 603 1738 inter
633 1697 802 1750 publica
833 1698 1154 1740 Atheniensium
1186 1714 1302 1743 sacra
1332 1707 1499 1761 recipe-

0 1767 118 1813 retur
157 1771 420 1824 prohiberet.
487 1769 713 1810 Fritzschii
753 1769 994 1822 opinionem
1026 1773 1196 1823 Quaest.
1227 1775 1446 1830 Aristoph.
1477 1778 1498 1821 1

0 1835 45 1899 ’μ
71 1843 128 1884 78
166 1842 351 1883 fabulam
392 1842 437 1882 in
477 1841 685 1881 eiusmodi
724 1840 918 1882 homines
958 1843 1157 1896 scriptam
1186 1843 1319 1887 fuisse
1357 1851 1495 1904 suspi-

78 1915 152 1966 tis,
174 1908 253 1968 'qui
281 1926 366 1955 non
396 1913 534 1954 minus
565 1926 689 1966 quam
721 1908 926 1968 θρᾷτται
955 1914 1116 1967 pisces,
1146 1916 1250 1957 varii
1282 1925 1423 1964 essent
1451 1925 1498 1965 et

0 1920 116 2048 Εἰσί
144 1986 435 2037 versicolores,
463 1985 593 2027 verbo
626 1998 976 2027 commemorasse
1007 1987 1204 2030 sufficiat.

0 2085 39 2111 r«-
566 2095 570 2116 ;

0 2114 52 2186 lc-
125 2183 127 2186 ,
727 2141 760 2183 1.

0 2205 4 2266 l
222 2218 281 2265 ‘O
310 2222 629 2280 σχινοκέφαλος
658 2222 768 2274 Ζεὺς
799 2221 872 2266 ὁδὶ
902 2225 1195 2283 προσέρχεται

227 2303 253 2348 ὁ
280 2308 534 2366 Περικλέης,
565 2306 750 2368 τῴδεῖον
780 2310 854 2353 ἐπὶ
883 2311 965 2354 τοῦ
994 2311 1179 2369 κρανίου

228 2388 350 2448 ἔχων,
382 2393 531 2447 ἐπειδὴ
562 2392 839 2454 τοῦστρακον
866 2395 1142 2455 παροίχεται.
1488 2455 1494 2478 ζ

114 2505 363 2551 Plutarchus
393 2511 489 2553 Vita
519 2494 695 2554 Periclis
726 2527 762 2555 c,
795 2515 872 2555 13:
910 2510 962 2555 τὸ
993 2509 1037 2554 δ’
1067 2509 1296 2567 Ὠιδεῖον,
1326 2512 1382 2574 τῇ
1408 2515 1494 2572 μὲν
1561 2515 1572 2521 ”

6 2571 123 2633 moe
157 2577 367 2624 διαθέσει
402 2578 647 2638 πολύεδρον
695 2598 773 2625 και
824 2582 1128 2637 πολύστυλον,
1172 2585 1226 2645 τῇ
1263 2582 1310 2626 δ’
1341 2586 1492 2645 ἐρέψει

37 2647 236 2704 ερικλινὲς
275 2653 352 2694 καὶ
379 2649 593 2704 κάταντες
621 2653 667 2697 ἐκ
694 2655 802 2712 μιᾶς
830 2655 1028 2715 κορυφῆς
1067 2658 1387 2714 πεποιημένον,
1427 2655 1492 2702 εἶ-

0 2712 119 2762 ικόνα
146 2718 320 2777 λέγουσι
361 2726 579 2780 γενέσθαι
618 2728 695 2769 καὶ
731 2725 917 2784 μίμημα
955 2728 1033 2781 τῆς
1063 2729 1280 2784 βασιλέως
1310 2731 1488 2784 σκηνῆς,

9 2787 339 2847 ἐπιστατοῦντος
367 2798 444 2841 καὶ
473 2795 615 2841 τούτω
645 2799 925 2859 Περικλέους
985 2799 1056 2845 διὸ
1085 2803 1162 2846 καὶ
1192 2799 1329 2846 πάλιν
1360 2803 1488 2862 Κρα-

18 2970 51 2980 ἢ
