1786 3210
215 133 300 176 568
800 133 1105 177 EUPOLIDIS

213 247 372 302 χεῖρα
407 236 466 288 εὖ
507 242 748 302 σφόδρα.
817 250 933 301 Quae
961 248 1142 289 fortasse
1172 259 1270 288 vera
1300 249 1364 288 est
1392 246 1517 289 huius
1545 261 1691 290 versus

218 322 435 374 scriptura,
466 333 588 373 quem
620 321 672 360 de
702 321 898 373 Diopithe
928 320 996 370 (v.
1029 332 1154 373 supra
1183 332 1223 371 p.
1253 318 1367 369 537)
1397 319 1694 372 interpretatur

220 391 476 432 Fritzschius
507 393 674 444 Quaest.
705 392 832 434 Arist.
866 391 884 430 1
915 404 956 443 p.
985 391 1083 431 252.
1151 390 1378 430 Praeterea
1410 390 1547 430 locum
1583 390 1695 431 hunc

222 463 393 516 respicit
425 463 643 502 Philemon
675 462 831 503 Osanni
860 475 901 514 p.
929 462 1034 502 209:
1076 459 1247 514 λέγεται
1278 458 1323 500 δὲ
1352 459 1428 501 καὶ
1458 458 1533 501 ἑπῖ
1555 457 1697 515 χειρὸς

222 530 274 573 τὸ
299 526 451 588 χωλός,
481 528 539 581 ὠς
568 528 670 587 παρ’
707 526 935 572 Εὐπόλιδι.
971 580 974 581 ⁷

894 657 1025 696 LXII.

482 738 619 797 Παρὰ
648 739 800 798 τῃδεὸὶ
831 738 886 785 σὺ
911 739 966 798 τῇ
997 736 1160 794 σοβάἃι
1187 735 1459 794 κατηγάγους

338 845 570 887 Scholiasta
599 846 813 900 Aristoph.
844 846 941 887 Pac.
972 846 1078 885 812:
1108 839 1308 896 σοβάδας
1334 840 1413 892 τὰς
1442 838 1608 898 πόρνας
1637 842 1704 885 λε’-

225 928 393 968 γουσιν.
440 913 632 964 Εὔπολις
662 915 800 970 Παρὰ
828 914 929 973 τῇδε
961 913 1016 955 σὺ
1046 912 1099 971 τῇ
1127 910 1291 966 σοβάδι
1319 910 1584 968 κατηγάγου.
1643 917 1706 958 lta

226 988 428 1031 Venetus.
458 989 595 1042 Vulgo
625 984 834 1042 κατήγου.
871 983 1034 1044 Τῃδεὸὶ
1063 999 1140 1040 pro
1170 983 1272 1043 τῇδε
1303 987 1560 1030 Fritzschiun
1590 989 1706 1030 Actis

228 1058 323 1100 Soc.
356 1073 418 1113 gr.
451 1060 468 1101 1
499 1075 540 1114 p.
573 1062 669 1101 136.

899 1143 1051 1184 LXlll.

343 1229 575 1270 Scholiasta
592 1231 718 1271 Arist.
738 1229 1034 1269 Thesm.828:
1065 1223 1234 1278 συνέχεε
1264 1222 1474 1281 (στρατιὰ
1502 1232 1545 1268 et
1574 1240 1709 1280 arpa»-

230 1294 356 1352 τεία)
383 1298 460 1339 καὶ
489 1290 618 1348 οὗτος
645 1295 703 1348 ὠς
730 1294 925 1346 Εὔπολις
954 1290 1181 1344 πολλάκις·
1223 1293 1410 1350 στρατιὰ
1436 1299 1518 1351 μὲν
1546 1296 1630 1354 γὰρ
1658 1290 1710 1340 τὸ

230 1366 431 1422 πλῆθος,
470 1368 682 1426 στρατεία
712 1369 757 1410 δὲ
788 1366 814 1420 ἡ
846 1365 1115 1424 στράτευσις.
1177 1369 1253 1411 Vix
1284 1370 1482 1411 credibile
1513 1376 1576 1412 est
1605 1371 1711 1413 haec

231 1441 472 1483 confudisse
515 1444 722 1496 Eupolin‚
768 1455 1014 1495 quamquam
1057 1440 1162 1480 illud
1203 1454 1346 1481 verum
1392 1445 1455 1482 est
1498 1439 1713 1497 στρατιὰν

231 1515 386 1567 passim
426 1514 507 1570 dici
535 1515 607 1553 ubi
637 1513 783 1553 eodem
814 1514 906 1553 iure
937 1508 1173 1567 στρατείαν
1202 1512 1283 1551 dici
1313 1512 1444 1562 licuit,
1474 1526 1510 1553 e.
1528 1527 1570 1566 g.
1600 1515 1712 1568 apud

232 1585 448 1638 Aristoph.
479 1585 576 1638 Lys.
606 1583 691 1624 592
720 1581 1065 1637 μονοκοιτοῦμεν
1096 1579 1171 1622 διὰ
1201 1578 1278 1629 τὰς
1308 1578 1532 1637 στρατιάς.
1594 1585 1713 1626 Idem
1784 1631 1786 1639 ¹

233 1655 443 1709 Equ.587
473 1653 520 1694 ἐν
550 1654 779 1708 στρατιαῖς
807 1668 853 1694 τε
882 1654 958 1695 καὶ
985 1650 1147 1708 μάχαις
1178 1654 1348 1706 aliisque
1377 1654 1494 1695 locis.
1555 1655 1602 1696 In
1626 1657 1715 1697 Eu-

234 1727 386 1781 polidis
417 1731 557 1768 autem
587 1740 711 1768 versu
735 1721 988 1781 Ἀστρατ.Ι
1020 1729 1060 1768 2.
1091 1727 1142 1767 ad
1164 1738 1286 1778 quem
1307 1725 1557 1767 scholiastae
1585 1741 1715 1769 anno-

235 1800 435 1840 tationem
465 1798 677 1852 pertinere
718 1799 922 1840 existimat
952 1797 1232 1848 Fritzschius,
1264 1794 1451 1852 στρατιὰ
1488 1804 1633 1852 aperte
1662 1800 1716 1842 de

238 1871 424 1912 exercitu
454 1870 619 1911 dicitur.

902 1956 1052 1998 LXIV.

353 2041 587 2083 Scholiasta
616 2040 830 2092 Euripidis
860 2041 975 2082 Med.
1007 2041 1114 2080 517:
1156 2035 1183 2087 ἡ
1223 2034 1418 2090 διστιχίοι
1449 2041 1488 2090 *)
1525 2034 1605 2078 τοῦ
1639 2052 1718 2093 χο-

240 2109 320 2167 ροῦ
341 2110 447 2153 ἐστι.
479 2107 594 2152 κατὰ
610 2108 657 2151 δὲ
672 2108 854 2157 τούτους
879 2105 1040 2159 ἤδητὰ
1066 2107 1154 2149 τῶν
1178 2107 1324 2165 χορῶν
1353 2104 1629 2188 ἠμαύρωται.
1661 2106 1717 2149 τὰ

240 2184 323 2239 μὲν
338 2180 434 2238 γὰρ
463 2178 625 2238 ἀρχαῖα
656 2179 731 2221 δια
761 2192 846 2221 των
870 2178 1015 2236 χορῶν
1045 2178 1296 2221 ἕπετελεῖτο.
1326 2172 1441 2220 ὅθεν
1473 2176 1497 2220 0‘
1526 2176 1720 2230 Εὔπολις
1781 2219 1784 2229 <

242 2252 370 2308 φησί,
406 2250 469 2294 Τί
493 2250 652 2307 χορὸς
682 2242 869 2302 οὗτος,
912 2248 1127 2291 κλαίειν
1165 2249 1405 2305 εἴπωμεν
1434 2248 1717 2308 πυράμου’

242 2318 306 2365 ι’ν’
333 2314 362 2381 ᾗ
405 2338 519 2364 κατα
557 2319 700 2364 ταύτὰ
738 2316 921 2376 ιαμβεῖα
961 2318 1054 2363 δύο.
1121 2325 1203 2364 Pro
1241 2319 1446 2378 πυράιιου
1483 2324 1574 2365 cod.
1606 2326 1719 2366 Flor.

246 2391 430 2450 πυρανί,
469 2396 527 2436 ita
568 2401 614 2436 ut
652 2396 822 2436 ultimae
863 2395 1027 2435 litterae
1058 2397 1387 2449 superscriptum
1417 2396 1471 2436 sit
1500 2392 1549 2436 A.
1609 2396 1722 2436 Gau·
1769 2398 1774 2407 “

245 2468 353 2508 debo
384 2468 419 2508 si
447 2468 537 2519 quis
567 2467 672 2507 haec
704 2466 976 2519 probabiliter
1002 2467 1271 2519 expediverit.
1340 2468 1435 2507 Hoc
1464 2467 1629 2520 quidem
1659 2467 1722 2507 in-

246 2539 451 2591 telligitur
480 2543 656 2578 metrum
687 2538 769 2577 loci
799 2537 1021 2590 Eupolidei
1051 2537 1184 2579 fuisse
1214 2539 1543 2592 anapaesticum,
1574 2540 1616 2578 et
1644 2550 1722 2591 pro

249 2604 295 2648 τί
324 2609 590 2650 scribendum
620 2621 712 2649 esse
742 2603 821 2655 τίς.

346 2755 377 2800 ”)
401 2756 453 2789 lta
478 2755 658 2790 Elmsleius
684 2768 747 2801 pro
773 2757 954 2799 δυστοιχία
982 2758 1036 2791 vel
1062 2758 1239 2800 δυστυχία.
