1786 3210
260 192 346 235 5⁰⁰
862 180 1171 233 EUPomms'

197 307 200 311 '
262 302 445 361 ἔμαθον
474 302 521 345 ἐν
547 306 664 344 τοῖσι
692 300 784 344 κτλ.
815 302 934 344 'Sunt
955 302 1188 356 Hyperboli
1219 303 1343 346 verba
1374 304 1587 347 doctrinae
1615 309 1658 348 et
1680 306 1757 347 ‘lits

263 383 447 420 terarum
487 378 683 418 vicariam
730 374 996 427 frequentem
1040 376 1081 416 in
1127 376 1342 417 tonstrinis
1387 377 1754 419 commorationem

264 463 312 492 se
348 449 626 502 assumpsisse
670 447 861 487 dicentis.
931 446 993 486 lta
1022 446 1115 487 fere
1145 438 1252 487 haec
1281 448 1488 489 intellexit
1517 448 1642 489 etiam
1672 449 1756 490 Th.

263 522 469 575 Bergkius
501 521 736 561 Comment.
770 532 811 570 p.
845 516 945 557 355.
977 530 1057 569 quo
1088 522 1260 558 auctore
1291 514 1472 561 ἔμαθον
1504 519 1651 571 scripsi
1681 531 1757 572 pro

264 588 428 644 ἀγάθ’.
510 590 747 630 Boeckhius
795 590 901 629 libro
951 588 1004 628 de
1058 588 1164 628 Plat.
1209 590 1354 631 Minoe
1395 605 1435 644 p.
1466 591 1522 631 89
1574 590 1786 670 ῐεηῐιιῐκιι1

269 659 414 705 πολλά
435 657 482 713 γ’
512 654 677 712 &yde-2
709 673 784 713 pro
814 673 894 712 quo
917 660 1047 712 magis
1065 660 1188 699 attice
1220 661 1371 701 (licitur
1387 657 1529 700 πολλὰ
1559 655 1759 714 κάγαθά.
1785 674 1786 705 1

268 735 346 776 Cfr
375 732 666 774 Blomfieldius
698 732 748 771 ad
774 731 971 784 Aeschyli
995 732 1110 771 Pers.
1130 731 1227 771 249.
1260 734 1515 784 Quamquam
1547 746 1625 774 nec
1655 734 1760 776 alte-
1785 718 1786 758 3

265 819 359 846 rum
397 805 489 845 sine
527 803 728 855 exemplis
774 808 850 843 est.
919 803 970 844 V.
1010 802 1336 842 Demosthenem
1375 804 1496 856 Lept.
1536 818 1576 858 p.
1608 806 1689 846 491
1732 800 1786 847 2'

265 877 370 918 Rsk.
438 874 573 916 Versu
617 873 826 924 secundo,
869 886 993 926 quem
1037 873 1341 914 Grammaticus
1380 875 1559 915 Bekkeri
1599 877 1757 918 Anecd.

265 962 308 1002 p.
338 947 420 988 461
454 947 521 986 12.
554 946 781 985 memoriae
813 958 957 985 errore
979 945 1221 984 Pherecrati
1252 945 1407 994 tribuit,
1438 940 1615 995 ἀτόπως
1644 953 1759 989 recte

265 1021 566 1073 interpretatur
608 1016 836 1056 scholiasta
866 1010 1156 1067 ἀνυπόπτως,
1195 1015 1356 1056 nullam
1387 1018 1444 1057 iis
1474 1020 1548 1073 qui
1576 1019 1759 1061 aderant

267 1091 321 1132 de
349 1104 416 1131 me
443 1088 730 1142 suspicionem
760 1099 943 1127 movem.

983 1242 1055 1284 IV.

351 1321 489 1368 Ἀλλ’
521 1313 603 1366 οὗν
633 1321 766 1378 ἔγωγέ
799 1336 873 1366 σοι
902 1322 1011 1380 λέγω
1043 1323 1314 1381 Μαρικᾶντα
1343 1323 1405 1382 μὴ
1437 1323 1649 1380 κολάζειν.

380 1440 627 1483 Eustathius
658 1439 710 1480 ad
743 1439 862 1482 Iliad.
894 1434 936 1492 β’
955 1455 996 1495 p.
1014 1441 1099 1482 300
1129 1442 1206 1482 22:
1236 1437 1261 1482 ὁ
1293 1440 1339 1482 δὲ
1365 1437 1639 1497 τΗρωδιανός
1669 1442 1760 1491 τοῖς

268 1507 511 1569 εἰρημένοις
541 1507 837 1565 παραπηγνὺς
867 1510 942 1551 καὶ
974 1508 1054 1552 τὸν
1076 1508 1198 1566 παρὰ
1227 1510 1288 1567 τῷ
1317 1511 1492 1569 κωμικῷ
1505 1515 1636 1564 (Nub.
1650 1513 1757 1566 549)

270 1580 487 1639 Μαρικᾶν
526 1578 577 1621 τὸ
608 1576 840 1636 βάρβαρον
870 1578 1038 1638 ὄνομα,
1078 1580 1154 1623 διὰ
1191 1581 1272 1623 τοῦ
1301 1596 1353 1623 ντ
1382 1582 1599 1634 κλιθῆναι
1629 1582 1756 1636 λέγει,

269 1652 542 1711 παραφέρων
575 1649 737 1707 χρῆσιν
776 1648 945 1703 ταύτην
979 1648 1113 1694 Ἀλλ’
1142 1642 1222 1694 οὗν
1252 1651 1384 1707 ἔγωγέ
1422 1668 1495 1696 σοι
1523 1653 1635 1707 λέγω
1664 1653 1758 1698 κτλ.

267 1727 488 1781 Eupolidis
520 1737 614 1765 esse
643 1737 810 1765 versum
840 1725 1018 1766 indicavi
1051 1728 1222 1778 Quaest.
1254 1739 1311 1766 sc.
1338 1727 1355 1766 1
1386 1741 1427 1780 p.
1443 1727 1500 1768 57
1531 1727 1618 1767 sive
1647 1727 1758 1769 Hist-

269 1799 360 1840 crit.
391 1812 433 1852 p.
464 1797 561 1836 138.
621 1796 834 1848 Sequutus
864 1801 927 1837 est
958 1784 1161 1851 Bergkius
1191 1799 1424 1840 Commeat.
1454 1812 1495 1852 p.
1528 1798 1627 1849 356,
1684 1797 1758 1839 Ni-

270 1871 360 1911 ciae
397 1869 504 1908 haec
545 1867 671 1907 verba
711 1871 804 1907 esse
843 1868 1067 1910 coniiciens
1099 1874 1277 1922 poenam
1309 1869 1596 1923 deprecantis,
1634 1882 1758 1922 quam

270 1939 518 1995 Hyperbolo
549 1939 738 1992 Populus
769 1939 948 1979 voluerit
987 1939 1218 1994 imponere.
1287 1942 1350 1981 Ita
1388 1942 1498 1982 enim
1539 1941 1758 1991 existimat,

268 2015 318 2053 ut
347 2010 646 2063 Aristophanes
684 2009 726 2049 in
757 2011 980 2062 Equitibus
1010 2012 1159 2053 Cleoni
1198 2013 1318 2052 finxit
1348 2013 1631 2055 adversarium
1664 2026 1758 2061 esse

269 2076 618 2129 ἆλλαντοπώλην
649 2081 878 2132 quendam,
919 2083 976 2122 ita
1007 2084 1197 2135 Eupolin
1228 2083 1474 2136 Hyperbolo
1513 2083 1758 2136 opposuisse

271 2153 450 2195 Niciam.
509 2151 729 2191 Postremo
755 2151 1045 2205 Hyperbolum
1075 2153 1208 2194 videri
1237 2155 1287 2194 ab
1319 2154 1556 2195 adversario
1586 2167 1758 2208 supera·

270 2227 361 2265 tum
392 2235 486 2264 esse
522 2226 566 2262 et
597 2222 748 2275 Populi
778 2223 910 2276 gratia
939 2223 1157 2266 excidisse.
1216 2224 1280 2266 De
1309 2224 1445 2267 forma
1471 2222 1757 2281 Μαρικᾶντος

271 2293 355 2336 dixi
385 2294 496 2335 Hist.
529 2292 619 2334 crit.
650 2293 678 2333 Ι.
710 2293 737 2332 l.

441 2543 500 2587 A.
531 2538 692 2585 Πόσου
718 2538 882 2599 χρόνου
909 2542 993 2601 γὰρ
1023 2546 1340 2604 συγγεγένησαι
1369 2545 1532 2604 Νικίας

440 2628 497 2672 Β.
528 2624 631 2670 οὐδ’
662 2618 795 2678 εἶδον,
825 2623 867 2669 εἰ
891 2627 952 2684 μὴ
978 2626 1158 2685 ”ναγχος
1188 2629 1342 2672 ἑστῶτ’
1372 2631 1419 2672 ἐν
1449 2627 1605 2688 ἀγορᾷ.

442 2714 500 2756 Α.
535 2713 651 2772 ἀνὴρ
681 2714 891 2771 ὁμολογεῖ
914 2713 1080 2757 Νικίαν
1107 2713 1344 2771 ἑορακέναι.

436 2796 512 2839 καί
542 2814 610 2842 τοι
643 2799 685 2842 τί
714 2798 887 2844 παθών
915 2796 972 2842 ἂν
1000 2792 1116 2844 εἶδεν
1143 2795 1186 2842 εἰ
1209 2800 1271 2857 μὴ
1305 2799 1571 2859 προυδίδον;
