1786 3210
0 0 68 67 ff.

546 174 1043 225 ΑΜΨΙΚΤΥΟΝΕΣ.
1457 179 1544 224 ωδ

49 298 193 352 ἄλλως
235 312 341 348 πως.
422 297 510 340 crr.
557 296 792 339 Lobeokins
837 294 890 336 ad
935 291 1220 346 Phrynichum
1269 306 1312 346 p.
1340 294 1440 337 827.
1486 318 1544 329 -

48 377 122 421 Vs.
151 374 180 416 5
225 367 431 426 σώμασιν
462 382 538 423 pro
570 362 792 421 στόμασιν
824 366 872 407 C.
925 390 981 397 -
1026 365 1099 408 Vs.
1130 366 1156 405 9
1202 364 1297 405 libri
1329 362 1545 418 βουλομέ-

50 458 158 494 νοις.
189 471 245 478 -
276 443 416 487 Vs.10
445 429 502 490 ἦν
518 433 716 494 ἄρδονθ’
751 442 971 492 receptum
1003 450 1052 479 ex
1078 436 1147 477 Bc
1174 439 1216 478 et
1241 435 1340 488 epit.
1359 435 1544 478 Hoesch.

49 517 189 571 Vulgo
219 508 248 566 ἢ
277 506 454 568 νάρδον.
516 510 633 552 Ordo
662 510 887 552 verborum
918 509 988 549 hic
1015 512 1102 550 est:
1133 502 1344 561 ἀφθονία
1371 493 1433 556 ἦν
1461 518 1545 546 κα-

51 583 256 631 ταπίνειν
284 581 369 634 τήν
398 578 583 624 ἔνθεσιν
611 576 808 635 ἄρδοντα
840 574 985 629 αὐτὴν
1018 572 1389 633 ὑποτριμματίοις
1413 569 1546 629 (ὥστε

52 654 328 713 γίγνεσθαι)
369 647 561 703 ἁπαλήν.
619 678 674 684 -
734 652 807 695 Vs.
840 652 892 692 11
939 652 1064 704 vulgo
1094 645 1292 691 λεκανίσι
1327 647 1405 690 καὶ
1434 643 1547 694 σίδ“.

54 729 215 783 Recepi
260 730 492 782 praeeunte
533 724 748 767 Dindorfio
787 723 1124 767 emendationem
1156 721 1334 763 Pol-soni
1374 715 1548 762 λεκανίφ

55 811 237 844 σκαισιν
276 792 345 847 δ’,
390 809 639 851 quamquam
676 808 729 836 ne
765 794 825 836 sio
863 795 1033 847 quidem
1071 795 1210 836 locum
1247 797 1548 847 perpurgatum

56 885 150 915 esse
188 869 373 913 ostendit
419 867 666 909 vocabulum
705 860 991 918 ἀνάπαιστα,
1042 879 1118 919 pro
1155 877 1240 918 qno
1281 859 1549 919 ἀνάβραστα

57 942 306 985 coniiciebat
335 939 600 988 Dindorfius,
639 932 867 977 ἁλίπαστα
900 937 1183 978 casaubonus.
1243 936 1402 978 Verum
1431 935 1548 976 vide-

57 1018 128 1055 tur
157 1006 214 1051 ἂν
243 1003 433 1063 ψαιστά,
456 1008 498 1049 in
530 1021 612 1061 quo
644 1003 699 1048 ἂν
730 1009 879 1049 eodem
910 1008 1035 1049 modo
1066 1008 1248 1061 positum
1279 1011 1326 1048 ut
1356 1020 1417 1048 vs.
1446 1007 1475 1048 7
1506 1009 1550 1047 et

59 1084 130 1126 14.
159 1108 215 1116 --
244 1082 316 1125 Vs.
347 1081 403 1121 12
433 1079 628 1133 apposuit
657 1082 812 1123 Athen.
845 1080 884 1120 11
916 1093 957 1133 p.
986 1079 1043 1119 64
1059 1079 1081 1118 f
1091 1092 1102 1118 ε
1143 1074 1302 1132 κίχλαι,
1341 1077 1419 1118 καὶ
1447 1071 1551 1117 τού-

57 1165 148 1195 των
184 1141 304 1204 ἦσαν
344 1150 420 1192 καὶ
458 1146 604 1190 ἄλλων
643 1147 847 1206 ὀρνίθων
875 1147 1030 1203 ἀγέλαι
1066 1148 1113 1190 ἐν
1153 1149 1244 1198 τοῖς
1272 1143 1548 1204 προπόμασι.

64 1219 355 1277 Τηλεκλείδης
380 1217 551 1262 Ὀπταὶ
589 1219 635 1261 δὲ
675 1219 820 1276 κίχλαι
857 1247 915 1254 —
944 1214 1234 1263 εἰσεπέτοντο.
1303 1222 1420 1263 Idem
1450 1221 1552 1264 XIV

58 1310 102 1352 p.
132 1294 273 1336 6441:
305 1288 458 1342 Ἴωνες
489 1290 535 1333 δὲ
565 1288 686 1349 ἄμην
716 1289 855 1333 αὐτὸν
884 1288 1097 1348 (ἄμητα)
1127 1289 1314 1332 καλοῦσι
1341 1291 1418 1333 καὶ
1450 1289 1553 1342 τοὺς

58 1363 241 1423 μικροὺς
278 1359 563 1419 ἀμητίσκους.
626 1361 914 1415 Τηλεκλείδης
943 1358 1214 1417 Αὐτόμαται
1243 1365 1360 1417 (sic)
1401 1361 1448 1404 δὲ
1484 1359 1550 1405 κί-

55 1436 163 1494 χλαι
200 1461 257 1470 --
295 1434 587 1477 εἰσεπέτοντο.
663 1438 866 1479 Omnibus
903 1437 968 1478 his
1004 1435 1108 1477 locis
1145 1435 1302 1489 legitur
1342 1429 1552 1491 φάρυγγ’,

60 1513 297 1553 correctum
327 1521 352 1548 a
381 1508 798 1562 Schweighaeusero.
828 1534 885 1541 —
923 1508 995 1551 Vs.
1027 1508 1083 1548 14
1114 1508 1240 1562 vulgo
1271 1501 1552 1563 ἀνεστραγά-

61 1579 196 1634 λιζον.
264 1578 456 1623 Correxit
486 1578 925 1633 Schweighaeuserus.
996 1579 1073 1621 cfr
1104 1578 1263 1621 Cratini
1295 1579 1405 1623 Plut.
1437 1580 1479 1624 11
1508 1582 1550 1625 2.

782 1693 836 1734 ll.

336 1765 406 1818 Ὠ
439 1773 494 1816 τὰ
521 1777 603 1829 μὲν
631 1777 808 1832 κομψοὶ
837 1775 893 1818 τὰ
923 1776 970 1819 δὲ
1000 1772 1267 1834 φαυλότεροι

345 1850 550 1912 φαυλίων
577 1850 744 1911 μήλων.

174 1946 420 1991 Athenaeus
451 1948 512 1989 111
542 1961 584 2001 p.
614 1950 735 1990 8212:
758 1944 980 2004 φαυλίων
1019 1946 1066 1989 δὲ
1104 1947 1259 2004 μήλων
1286 1947 1553 2006 μνημονεύει

69 2013 358 2071 Τηλεκλείδης
387 2015 436 2058 ἐν
464 2016 796 2074 Ἀμφικτύοσιν
824 2012 964 2068 οὕτως
986 2009 1052 2061 ’.Ω
1085 2020 1140 2061 τὰ
1169 2023 1252 2076 μὲν
1279 2021 1371 2066 κτλ,
1413 2025 1552 2067 Locus

61 2092 242 2135 fortasse
271 2103 324 2132 ex
352 2091 542 2144 pat-abasi
570 2097 760 2146 sumptus
791 2097 870 2134 est.
922 2094 1044 2146 Quod
1076 2094 1255 2148 phanliis
1284 2095 1404 2136 malis
1434 2108 1554 2150 ‹pav-

64 2161 267 2217 λοτέρους
303 2161 405 2204 dicit
434 2174 538 2215 qnos
565 2163 792 2217 alloquitur
821 2163 975 2206 chorus
1005 2170 1285 2218 spectatores,
1314 2167 1358 2207 id
1387 2180 1471 2208 non
1501 2168 1555 2209 ad

66 2235 268 2276 vilitatem
315 2238 529 2286 spectare,
579 2235 654 2275 sed
692 2235 746 2276 ad
790 2248 955 2277 morum
994 2237 1304 2289 simplicitatem
1349 2238 1554 2280 intellexit

67 2303 508 2359 Schweighaeuserns‚
538 2312 778 2359 comparato
794 2308 1055 2348 nobilissimo
1071 2308 1307 2361 fragmento
1323 2310 1552 2363 Euripidis,

67 2373 245 2433 φαῦλον
283 2370 492 2431 ἄκομψον
530 2373 588 2416 τὰ
621 2373 800 2429 μέγιστ’
833 2374 1030 2431 ἀγαθόν.
1100 2380 1176 2421 Cfr
1213 2380 1291 2420 Dio
1335 2381 1551 2434 Chry-ost.

69 2450 186 2490 Orat.
217 2448 272 2488 67
313 2461 356 2502 p.
385 2448 493 2488 360:
533 2443 713 2501 φαύλως
751 2461 793 2487 τε
832 2448 908 2488 καὶ
944 2445 1159 2503 ἀκόμψως
1200 2445 1551 2504 ἀποφήνασθαι.

69 2522 254 2564 lulianus
289 2522 362 2561 Or.
394 2520 421 2560 2
451 2532 491 2573 p.
522 2518 577 2560 54
590 2533 625 2561 a.
658 2518 828 2575 φαῦλος
858 2519 933 2561 καὶ
963 2516 1168 2575 ἄκομψος
1199 2517 1386 2571 θεατής.

779 2636 853 2676 lll.

495 2708 583 2762 ’.Ως
612 2712 742 2755 καλοὶ
772 2714 847 2753 καὶ
878 2712 1101 2769 φιβαλέοι.

185 2796 425 2840 Athenaeus
457 2798 517 2840 111
548 2813 588 2855 p.
621 2799 677 2842 75
698 2801 745 2843 b:
795 2798 881 2840 τῶν
922 2798 968 2840 δὲ
1007 2798 1293 2854 καλουμένων
1327 2795 1554 2856 φιβάλεων
