1786 3210
729 211 942 261 ΑΙΓΕΣ.
1497 218 1587 262 488

83 344 184 377 nen
213 330 401 373 haesisse
430 328 638 371 neminem
667 327 792 383 fugit.
852 329 902 372 V.
922 328 1051 370 Arist.
1076 327 1185 371 Ran.
1216 329 1317 372 588.
1348 331 1419 372 ubi
1447 333 1584 376 Brun-

0 439 2 461 ἶ
86 405 205 446 ckius
243 405 543 444 commemorat
582 401 749 454 Lysiam
787 412 823 440 c.
862 399 998 440 Alcib.
1031 399 1051 441 I
1088 413 1131 453 p.
1162 399 1270 441 526:
1322 391 1453 449 οὗτος
1494 401 1581 460 γὰρ

0 465 2 467 ’
85 469 441 528 (Ἀλκιβιάδης)
479 471 584 519 παῖς
622 470 704 525 μὲν
745 463 810 509 ὢν
846 464 960 525 παρ’
990 463 1257 528 Ἀρχεδήμῳ
1292 468 1354 528 τῷ
1381 467 1583 527 γλάμωνι

0 528 5 572 5
85 541 164 587 οὐκ
191 541 323 598 ὀλίγα
351 542 441 584 τῶν
469 538 688 597 ἡμετέρων
718 538 1013 599 ὑφῃρημένῳ,
1043 540 1221 583 πολλῶν
1251 538 1456 598 ὁρώντων
1485 540 1582 585 ἔπι-

85 629 160 658 νεν
196 612 283 658 ὑπὸ
321 613 381 672 τῷ
418 611 537 671 αὐτῷ
576 610 739 670 ἱματίῳ
768 609 1103 667 κατακείμενος,
1145 609 1335 669 ἐκώμαζε
1368 612 1423 655 ’δὲ
1459 611 1581 670 μεθ’

85 685 280 744 ἡμέραν,
319 682 488 738 ἄνηβος
517 681 700 740 ἑταίραν
728 681 851 739 ἔχων.
925 685 1197 741 Peregrinam
1237 686 1420 729 hominis
1450 688 1580 743 origi-

87 774 186 804 nem
214 760 352 814 attigit
381 758 558 812 Eupolis
587 758 630 800 in
660 758 818 812 Raptis.

783 881 876 925 XV.

203 959 478 1030 Προσένεγκὲ
507 967 701 1027 μούγγὺς
728 969 780 1012 τὸ
810 966 951 1027 στόμ’
981 966 1246 1028 ὀσφρέσθαι
1275 967 1326 1011 τὸ
1357 965 1454 1016 σόν.

200 1088 438 1130 Priscianus
487 1086 559 1127 lib.
595 1086 740 1129 XVIII
778 1099 820 1141 p.
853 1089 966 1128 1193
1004 1087 1061 1128 33
1110 1086 1185 1140 (p.
1215 1085 1300 1126 230
1345 1083 1412 1125 ed.
1450 1083 1580 1137 Kr.)=

86 1154 395 1216 ὀσφραίνομαι
432 1154 562 1197 τοῦδε
601 1156 678 1197 καὶ
712 1151 829 1202 τόδε.
900 1153 1097 1205 Εὔπολις
1126 1151 1264 1208 Αἰξίν
1302 1152 1580 1209 Προσὲνεγκὲ

88 1245 166 1286 μοι
195 1227 319 1284 ἐγγὺς
347 1226 399 1270 τὸ
431 1223 580 1283 στόμα
609 1223 950 1283 ὀσφραίνεσθαι
979 1226 1031 1270 τὸ
1061 1224 1156 1272 σόν.
1217 1227 1411 1271 Correxit
1439 1226 1579 1270 Elms-

90 1304 198 1346 leius
228 1302 281 1344 ad
309 1301 522 1355 Aristoph.
553 1300 735 1341 Acharn.
767 1301 865 1342 179.

773 1423 888 1466 XVI.

461 1508 718 1569 Σφυρὰδων
747 1510 924 1555 πολλῶν
951 1509 1195 1568 ἀναμέστη.

204 1626 438 1670 Scholitasta
473 1628 688 1692 Aristoph.
727 1628 826 1686 Pac.
856 1629 968 1670 790:
1004 1622 1229 1685 σφυράδες
1269 1621 1358 1669 εἰσὶ
1394 1623 1453 1669 τὰ
1493 1623 1583 1668 τῶν

92 1691 232 1750 αἰγῶν
266 1697 342 1739 καὶ
371 1695 609 1754 προβάτων
649 1694 1002 1755 ἄποπατήματα.
1062 1694 1257 1748 Εὔπολις
1285 1692 1420 1751 Αἰξίν
1450 1696 1581 1756 Σφυ-

94 1764 243 1825 ράδων
271 1767 366 1813 κτλ.

656 1884 794 1928 XVII.
852 1883 1011 1927 XVIII.

207 1970 452 2013 Athenaeus
484 1970 542 2011 lX
571 1984 613 2024 p.
632 1971 716 2011 380
733 1970 775 2011 f:
805 1965 856 2010 τὸ
886 1966 1042 2023 γεῦσαι
1071 1965 1227 2024 ἔχομεν
1255 1966 1302 2009 ἐν
1331 1961 1585 2017 Εὐπόλιδος

94 2033 230 2092 Αἰξίν
270 2036 443 2080 Τοῦδε
485 2039 582 2080 νῦν
619 2038 820 2094 γεῦσαι
859 2036 1068 2094 λαβών.
1137 2041 1358 2082 Pertinent
1396 2040 1505 2082 haec
1533 2040 1587 2081 ad

10 2127 11 2130 ¹
97 2126 188 2154 eam
228 2112 396 2152 fabulae
423 2117 590 2165 partem
629 2114 670 2154 in
703 2125 784 2166 qua
824 2114 1058 2154 convivium
1090 2113 1230 2154 locum
1260 2112 1428 2162 habuit,
1468 2113 1587 2153 cuius

96 2183 249 2224 indicia
278 2183 480 2236 praebent
510 2184 677 2237 Fragm.
709 2184 966 2227 Iv—Vlll.
1031 2185 1196 2226 Eodem
1226 2185 1441 2238 pertinere
1471 2183 1587 2224 vide-

97 2259 167 2294 tur
199 2250 372 2307 χορδῶν
415 2256 754 2295 commemoratio
792 2256 902 2307 apud
945 2256 1099 2296 Athen.
1132 2256 1194 2295 111
1234 2268 1276 2308 p.
1307 2254 1419 2295 941⁸:
1451 2266 1589 2308 χορ-

98 2320 207 2364 δῶν
234 2323 457 2378 μέμνηται
487 2351 542 2357 --
572 2324 648 2365 καὶ
676 2320 870 2373 Εὔπολις
900 2322 947 2364 ἐν
977 2318 1123 2375 Αἰξίν.

789 2449 902 2489 XIX.

213 2531 466 2584 Hesychius,
500 2527 706 2587 Ἱερεύς
742 2528 1046 2573 Διονύσους
1081 2528 1275 2580 Εὔπολις
1305 2525 1455 2582 Αἰξίν.
1494 2524 1591 2569 Ἰπ-

101 2595 284 2641 πόνικον
315 2598 529 2643 σκώπτων
556 2600 614 2652 ῶς
644 2601 841 2659 ἐρυθρὸν
870 2601 924 2661 τῇ
954 2599 1074 2657 ὄψει.
1106 2604 1380 2658 Hipponicus,
1405 2601 1587 2642 fortasse

18 2669 19 2673 ’
105 2682 156 2711 ex
184 2673 270 2713 vini
300 2686 404 2725 usu,
443 2676 721 2717 rubicundum
755 2675 880 2716 faciei
917 2675 1102 2716 colorem
1141 2676 1336 2716 duxeratz
1374 2673 1474 2714 hinc
1504 2673 1592 2712 Eu—

104 2741 212 2795 polis
238 2754 332 2785 eum
348 2746 518 2801 Dionysi
541 2748 803 2788 sacerdotem
833 2747 1077 2801 appellavit3
1108 2747 1184 2787 hos
1215 2746 1327 2787 enim
1356 2742 1591 2785 rubicunda

105 2812 282 2854 decebat
309 2813 456 2858 facies.
512 2818 749 2861 Scholiasta
777 2818 993 2872 Aristoph.
1024 2819 1130 2860 Ran.
1148 2817 1257 2858 81⁰:
1290 2811 1484 2862 Εὔπολις
1514 2808 1593 2852 τὸν

163 2893 333 2929 Comoed.
357 2898 429 2930 ant.
1270 2887 1328 2929 28
