1786 3210
219 180 306 223 4⁶2
808 175 1114 222 EUPOLIDIS

219 299 361 338 ecerat
396 292 441 337 h.
471 304 510 336 e.
552 294 641 335 nisi
668 290 719 334 id
743 294 881 348 ipsum
895 322 908 344 ‚
948 293 1061 348 quod
1092 294 1316 335 meretrice
1353 307 1399 335 se
1436 300 1585 338 natum
1615 308 1706 340 esse

218 368 328 417 seit,
366 366 556 407 animum
593 367 684 406 eius
725 365 994 419 deprimeret.
1072 365 1258 405 Pericles
1296 365 1472 408 Periclis
1506 369 1617 411 filius
1655 382 1707 412 ex

219 438 394 492 Aspasia
430 441 675 490 susceptus,
717 437 833 476 brevi
871 442 968 478 ante
1005 437 1132 491 patris
1176 437 1334 478 obitum
1377 438 1598 482 tribulibus
1632 441 1706 483 ad·

219 511 397 565 scriptus
427 507 672 561 (Plutarch.
704 508 801 549 Per.
831 507 941 560 37),
976 514 1122 562 postea
1151 510 1193 550 in
1227 522 1367 563 pugna
1396 509 1447 551 ad
1477 511 1706 563 Arginusas

218 581 481 636 imperatoris
522 592 699 621 munere
735 578 905 620 functus
951 580 1176 634 (Xenoph.
1215 582 1328 622 Hell.
1370 581 1389 622 1
1426 581 1455 622 5
1493 583 1548 622 16
1582 583 1706 625 Diod.

217 652 302 696 Sic.
332 653 435 694 XIII
475 653 562 703 98)
601 655 644 691 et
682 662 777 691 cum
818 651 1006 704 reliquis,
1035 664 1185 693 novem
1225 652 1399 695 ducibus
1437 653 1602 694 occisus
1641 657 1708 695 est
1785 661 1786 691 ἒ

219 724 288 766 01.
317 723 458 765 XCIII
487 724 529 764 3.
589 723 842 777 V.Xenoph.
858 723 1062 764 Hellen.1
1093 723 1119 763 5
1152 725 1206 764 16
1237 728 1279 765 et
1293 725 1568 765 Philochorus
1585 724 1698 779 apud
1785 721 1786 726 ’

214 795 350 838 schol.
379 795 507 838 Arist.
523 794 629 836 Ran.
650 795 773 836 1227.
834 794 899 836 Ad
931 795 1149 848 Eupolidis
1181 795 1317 837 locum
1347 798 1519 851 respicit
1540 797 1707 851 Harpo-

215 871 320 910 crat.
351 879 393 921 p.
422 867 478 907 37
510 867 588 907 182
628 863 751 906 δοκεῖ
783 862 829 916 ἐξ
868 861 1004 915 αὐτῆς
1044 863 1275 919 ἐσχηκέναι
1311 862 1336 907 ὁ
1374 865 1591 922 Περικλῆς
1628 863 1708 907 τὸν

215 932 454 992 ὁμώνυμον
482 933 602 994 αὐτῷ
632 933 851 993 Περικλέα
880 934 960 975 τὸν
990 931 1162 988 νόθον,
1191 933 1250 986 ὠς
1279 935 1487 993 ἐμφαίνει
1514 938 1591 980 καὶ
1618 933 1708 980 Ei}-

214 1007 342 1059 πολις
370 1007 418 1049 ἐν
447 1009 539 1057 τοῖς
568 1003 744 1062 Δήμοις.
807 1008 1042 1049 Scholiasta
1065 1009 1252 1051 Platonis
1268 1011 1398 1052 Bekk.
1415 1025 1455 1065 p.
1472 1012 1578 1052 391:
1609 1006 1706 1065 ἔσχε

215 1079 264 1122 δὲ
298 1079 346 1134 ἐξ
383 1076 520 1131 αὐτῆς
561 1075 585 1121 ὁ
615 1077 836 1135 Περικλῆς
866 1074 1020 1125 νόθον
1050 1075 1172 1132 υἱόν,
1216 1078 1292 1137 ἐφ’
1323 1073 1356 1139 ᾧ
1384 1082 1461 1122 καὶ
1490 1077 1707 1133 ἐτελεύτα,

214 1149 305 1193 τῶν
333 1147 529 1205 γνησίων
558 1145 1002 1207 προαποθανόντων,
1032 1146 1091 1199 ὠς
1120 1146 1315 1201 Εὔπολις
1343 1148 1522 1207 Δήμοις.
1589 1155 1707 1207 Quae

215 1225 432 1278 composui
462 1225 543 1265 iam
575 1226 749 1277 Quaest.
777 1236 891 1264 scen.
922 1223 939 1263 Ι
970 1237 1011 1276 p.
1037 1224 1108 1264 49.
1139 1225 1211 1267 ubi
1242 1225 1365 1265 etiam
1397 1225 1450 1265 de
1481 1224 1705 1278 Myronide

213 1296 432 1346 admonui,
463 1308 586 1349 quem
619 1299 810 1349 apertum
841 1299 905 1334 est
935 1308 1016 1335 non
1049 1295 1173 1335 alium
1206 1309 1301 1336 esse
1331 1309 1455 1349 posse
1485 1296 1563 1336 nisi
1594 1296 1707 1337 cele-

211 1367 332 1409 brem
386 1367 505 1408 inum
553 1366 981 1407 Lacedaemoniorum
1029 1368 1237 1408 victorem
1283 1367 1392 1420 apud
1439 1367 1703 1421 Oenophyta.

214 1440 339 1493 Quod
371 1439 627 1480 Suevernius
659 1438 832 1478 Dissert.
865 1437 917 1478 de
948 1439 1162 1492 Aristoph.
1194 1439 1303 1480 Nub.
1336 1452 1377 1492 p.
1407 1438 1461 1479 51
1495 1439 1705 1480 existima-

211 1510 311 1563 bat,
342 1509 610 1565 Myronidem
641 1508 692 1549 ab
722 1509 932 1562 Eupolide
961 1510 1246 1550 introductum
1277 1509 1434 1562 antiqui
1464 1510 1576 1550 illius
1608 1509 1704 1562 My-

211 1580 373 1624 ronidis
403 1593 486 1622 non
517 1579 595 1621 nisi
625 1592 778 1620 nomen
817 1581 1019 1633 gessisse,
1057 1581 1099 1620 id
1130 1585 1276 1634 postea
1306 1581 1369 1621 vir
1398 1580 1705 1634 praestantissi-

212 1663 306 1694 mus
355 1652 450 1705 ipse
498 1651 761 1704 improbabat
797 1663 1016 1704 meamque
1060 1652 1310 1692 sententiam
1359 1648 1705 1704 amplectebatur.

212 1721 461 1777 Myronides
492 1722 652 1763 Calliae
682 1721 793 1762 filius
824 1722 976 1773 (Diod.
1008 1722 1092 1763 Sic.
1124 1722 1184 1763 XI
1214 1722 1299 1774 81)
1330 1721 1392 1762 vir
1422 1722 1589 1774 antiqua
1618 1721 1705 1763 fide

214 1795 259 1835 et
294 1794 450 1834 virtute
486 1793 659 1846 insignis
698 1791 942 1846 (Aristoph.
981 1793 1098 1835 Eccl.
1128 1793 1215 1833 303
1252 1792 1372 1835 Diod.
1414 1793 1499 1834 Sic.
1529 1792 1589 1834 XI
1619 1792 1703 1844 79)

213 1864 473 1918 summisque
510 1864 770 1914 hominibus,
814 1864 1012 1918 Ephialta
1048 1864 1255 1906 Leocrate
1295 1865 1470 1906 Cimone
1508 1863 1705 1906 Tolmida

212 1936 388 1990 aliisque
431 1936 750 1988 haudquaquam
780 1934 957 1976 inferior
988 1935 1228 1987 (Plutarch.
1261 1936 1358 1978 Per.
1389 1936 1442 1977 16
1468 1934 1588 1978 Diod.
1620 1935 1705 1978 SIc.

211 2006 242 2049 1.
272 2007 303 2049 1.
331 2008 419 2058 82)
451 2007 618 2061 Olymp.
651 2007 869 2048 LXXXIII
901 2007 928 2047 3
959 2007 1125 2060 capitali
1154 2007 1339 2060 praelio,
1380 2020 1462 2061 quo
1494 2005 1705 2048 Lacedae-

211 2077 375 2118 monios
405 2069 516 2130 apud
542 2078 794 2132 Oenophyta
821 2076 944 2127 fudit,
975 2090 1178 2119 summam
1208 2078 1375 2119 laudem
1406 2082 1704 2130 consequutus,

210 2148 329 2190 initio
367 2149 466 2189 belli
498 2148 813 2202 Peloponnesii,
856 2149 899 2189 in
930 2160 1012 2201 quo
1044 2148 1184 2189 nullae
1221 2149 1311 2189 eius
1341 2153 1482 2202 partes
1514 2148 1700 2198 fuerunt,

211 2220 477 2274 septuaginta
506 2218 641 2260 ferme
673 2232 803 2260 annos
829 2224 949 2259 natus
972 2219 1013 2259 in
1038 2219 1217 2260 honesto
1236 2220 1321 2260 otio
1337 2220 1596 2260 senescebat.
1627 2219 1702 2260 Ni-

211 2290 272 2332 hil
301 2291 431 2346 igitur
460 2291 597 2331 obstat
626 2291 847 2343 quominus
877 2290 990 2331 hunc
1019 2294 1160 2331 tantae
1191 2291 1354 2332 virtutis
1383 2291 1517 2331 virum
1534 2292 1573 2342 ³⁸)
1605 2302 1702 2332 cum

213 2362 371 2404 Solone
415 2361 599 2404 Aristide
648 2362 824 2403 Cimone
867 2367 911 2403 et
957 2362 1122 2402 Pericle
1166 2362 1219 2402 de
1262 2362 1418 2415 optima
1448 2361 1703 2416 reipublicae

213 2432 501 2476 emendandae
546 2432 710 2475 ratione
755 2433 1033 2475 disserentem
1078 2434 1129 2474 ab
1171 2433 1381 2487 Eupolide
1412 2433 1702 2475 introductum

214 2518 310 2547 esse
339 2509 585 2547 statuamus.

307 2664 338 2708 ⁸)
364 2666 416 2700 De
440 2664 634 2708 Athenaeo,
660 2665 718 2709 qui
745 2665 792 2698 XI
818 2675 852 2708 p.
877 2662 992 2699 506d.
1016 2663 1198 2697 Platonem
1224 2664 1258 2697 in
1287 2664 1434 2698 Cimone
1460 2663 1598 2707 dialogo
1624 2663 1706 2707 My-

214 2725 371 2762 roni-dem
403 2725 584 2762 calumniis
609 2725 820 2770 proscidisse
858 2728 991 2767 narrat,
1028 2723 1109 2770 quid
1141 2725 1361 2761 statuendum
1395 2725 1438 2761 sit
1463 2722 1554 2759 haud
1580 2725 1707 2760 obscu-

213 2797 290 2823 rum
315 2792 381 2823 est.
