1786 3210
271 200 356 243 144
877 170 1114 239 GRATINI

988 336 1042 377 X.

329 424 388 468 A.
413 421 588 479 ’Ἔγειρε
620 420 674 473 δὴ
704 420 785 463 νῦν
816 417 985 462 Μοῦσα
1014 417 1224 476 κρητικὸν
1250 420 1394 475 μέλος.

326 509 436 553 Β.Χ
460 509 560 566 αἶρε
592 506 646 559 δὴ
679 505 863 558 Μοῦσα,
888 502 1048 562 χρονία
1076 507 1158 561 μὲν
1187 500 1316 560 ἥκεις,
1346 501 1466 563 ὅμως
1495 507 1535 550 δ’

436 585 577 646 ἦλθες
601 589 653 634 οὺ
683 589 789 648 πρίν
817 606 864 646 γε
895 590 1000 645 δεῖν,
1031 591 1138 634 ἴσθι
1166 593 1320 648 σαφές,
1349 590 1450 636 ἀλλ’
1483 588 1602 645 ὅπως
1629 623 1686 631 —-

380 736 643 790 Hephaestio
673 736 776 778 XIII
808 749 850 790 p.
880 736 937 777 72
978 735 1032 776 de
1062 736 1217 777 cretico
1247 741 1381 779 metro
1412 739 1645 782 disserens:
1674 753 1752 781 κα-

265 875 496 935 Κρατίνου
533 876 581 918 ἐν
624 874 868 934 Τροφωνίῳ
908 872 1083 932 ’Έγειρε
1124 875 1179 929 δὴ
1216 876 1296 918 νῦν
1334 879 1504 922 Μοῦσα
1544 873 1753 938 κρητικὸν

263 951 407 1008 μέλος.
444 939 540 990 εἶτα
570 947 768 1005 ἐπιφέρει
799 947 940 1002 Χαῖρε
970 945 1026 999 δὴ
1055 946 1147 991 κτλ.
1208 949 1372 993 Plotius
1402 967 1442 1007 p.
1475 956 1611 997 2661:
1641 955 1754 997 unde

269 1025 470 1066 Cratinus
500 1023 646 1063 dicens
677 1018 813 1077 ἔγειρε
845 1017 1015 1062 Μοῦσα
1055 1018 1260 1076 κρητικὸν
1299 1022 1454 1077 μέλος,
1485 1025 1637 1066 intulit
1663 1039 1751 1067 me-

263 1101 377 1138 trum
400 1095 670 1150 paeonicum,
695 1095 822 1149 χαῖρε
853 1090 907 1143 δὴ
941 1088 1111 1132 Μοῦσα
1140 1091 1230 1135 κτλ.
1298 1096 1371 1138 Vs.
1404 1097 1425 1136 l
1459 1097 1633 1150 respicit
1660 1097 1751 1138 He-

264 1167 449 1222 sychius,
500 1163 727 1220 Κρητικὸν
768 1163 921 1220 μέλοςτ
972 1155 1087 1203 οὕτω
1125 1162 1277 1219 κρῆτες
1319 1165 1493 1223 ῥυθμοὶ
1535 1165 1753 1221 ε’)ἑγοντο.

264 1234 354 1279 ἀπὸ
395 1235 598 1292 Κρητῶν.
667 1239 752 1280 Ubi
793 1249 870 1292 pro
910 1232 1062 1291 κρῆτες
1099 1237 1230 1278 codex
1267 1238 1395 1278 habet
1432 1235 1602 1291 κρῆτοιι.
1668 1240 1751 1280 Le-

263 1310 448 1365 gendum
474 1304 673 1363 κρητικοί
729 1335 784 1341 -
828 1309 902 1351 Vs.
934 1308 962 1348 3
992 1302 1044 1347 οὐ
1074 1304 1179 1363 πρίν
1207 1320 1253 1360 γε
1285 1305 1390 1350 δεῖν.
1449 1310 1511 1353 Ita
1539 1310 1751 1352 Porsonus
1780 1300 1786 1305 ⁵

263 1381 374 1436 apud
405 1379 536 1422 Gaisf.
567 1393 609 1433 p.
638 1379 723 1419 330
764 1379 945 1419 correxit
981 1379 1195 1432 vulgatum
1225 1374 1279 1418 οὐ
1308 1379 1414 1435 πρὶν
1441 1377 1615 1422 ἐλθεῖν.
1669 1383 1751 1423 Ce-

260 1456 400 1493 terum
438 1452 638 1492 creticum
678 1451 757 1491 hoc
796 1464 963 1491 carmen
1011 1451 1055 1492 in
1095 1455 1279 1492 extrema
1317 1451 1458 1492 fabula
1495 1452 1635 1492 locum
1673 1451 1750 1492 ha-

260 1524 404 1566 buisse
434 1527 625 1576 apertum
656 1526 732 1571 est,
763 1522 1008 1575 monuitque
1038 1535 1088 1563 ea
1117 1523 1170 1562 de
1199 1534 1246 1562 re
1278 1523 1403 1563 etiam
1433 1523 1515 1564 Th.
1544 1523 1749 1576 Bergkius

262 1596 497 1637 Commeat.
527 1608 569 1647 p.
601 1594 699 1633 218.
1690 1635 1692 1638 ,

376 1667 494 1718 Quae
531 1669 752 1719 praeterea
788 1677 838 1704 ex
868 1662 1115 1717 Trophonio
1157 1664 1392 1705 afferuntur
1428 1665 1479 1705 ab
1517 1663 1747 1718 Hesyehio,

260 1733 478 1792 Κριθῶν;
526 1730 653 1788 ὄχλος
697 1732 744 1774 ἐν
785 1730 1043 1790 Τροφωνίῳ.
1112 1733 1366 1789 προσέθηκε
1406 1733 1453 1774 δὲ
1490 1731 1658 1784 παίζων
1694 1734 1747 1776 τὸ

261 1802 498 1864 ἀργύριον,
530 1820 580 1847 ea
608 1804 715 1861 {num
755 1806 806 1847 ad
837 1806 998 1847 Cratini
1025 1805 1211 1847 fabulam
1238 1807 1461 1848 referenda
1500 1808 1582 1848 sint
1610 1808 1748 1848 ineer-

261 1884 352 1921 tum
383 1882 459 1928 est,
490 1891 616 1931 quum
649 1882 816 1931 praeter
845 1878 1059 1918 Cratinum
1080 1879 1392 1931 Cephisodorus
1408 1878 1549 1919 Alexis
1578 1883 1621 1919 et
1651 1880 1747 1920 Me-

234 1960 242 1971 *
261 1951 423 1994 nander
451 1938 912 2002 cognominesfabulas
943 1949 1163 1990 ediderint.
1220 1951 1309 1990 Nec
1339 1949 1469 2003 magis
1500 1950 1634 2003 liquet
1661 1963 1744 2003 quo

261 2023 386 2064 modo
427 2022 495 2061 vel
533 2021 792 2069 emendanda
829 2020 896 2060 vel
935 2020 1248 2073 interpretanda
1278 2021 1331 2061 sit
1359 2021 1564 2075 Hesychii
1593 2022 1745 2075 glossa.

261 2094 325 2136 De
369 2097 616 2146 argumento
667 2091 924 2145 Trophonii,
974 2105 1220 2145 quamquam
1259 2105 1468 2146 perpauca
1515 2098 1558 2133 et
1607 2093 1746 2148 exigui

260 2165 387 2219 pretii
416 2164 649 2217 fragmenta
679 2169 841 2203 servata
871 2167 980 2213 sunt,
1020 2164 1134 2204 nulla
1162 2167 1300 2204 tamen
1333 2177 1425 2204 esse
1454 2166 1595 2216 potest
1624 2164 1744 2204 dubi-

260 2237 378 2278 tatio.
443 2236 550 2277 Nam
582 2247 709 2287 quum
740 2234 975 2288 Trophonii
1005 2235 1141 2274 cultus
1172 2237 1214 2274 et
1244 2234 1458 2275 oraculum
1488 2247 1582 2276 eum
1612 2235 1743 2288 pluri-

261 2308 341 2349 mis
372 2310 484 2348 esset
513 2311 557 2346 et
586 2306 821 2346 vafer-rimis
852 2305 1216 2346 fraudulentorum
1246 2305 1537 2347 sacricolarum
1566 2307 1743 2360 praesti-

261 2380 340 2433 giis
386 2379 674 2428 coniunctum,
712 2378 928 2427 Cratinus,
968 2377 1086 2417 cuius
1125 2377 1285 2416 animus
1328 2390 1351 2416 a
1388 2376 1529 2418 fucato
1569 2376 1743 2419 deorum

264 2451 378 2493 cultu
412 2454 455 2490 et
484 2448 749 2490 sacerdotum
778 2443 1013 2502 praestigiis
1044 2452 1175 2491 esset,
1195 2447 1490 2497 alienissimus,
1528 2459 1650 2501 quam
1684 2447 1743 2488 ri-

264 2521 401 2561 dicula
440 2523 483 2560 et
516 2532 616 2560 vero
659 2519 783 2558 etiam
824 2532 948 2571 quam
978 2519 1212 2572 perniciosa
1241 2517 1314 2557 illa
1343 2517 1583 2570 superstitio
1614 2521 1740 2567 esset,

262 2591 343 2632 hac
370 2591 460 2644 ipsa
487 2590 629 2631 fabula
659 2589 882 2630 ostendere
913 2589 1093 2630 voluisse
1122 2588 1300 2628 videtur.
1359 2589 1508 2640 Neque
1525 2588 1637 2628 aliud
1658 2589 1740 2629 Ge-

263 2661 479 2716 phisodori
510 2660 694 2702 Alexidis
726 2660 969 2711 Menandri,
1001 2663 1043 2700 et
1072 2659 1107 2700 si
1138 2659 1208 2711 qui
1239 2658 1308 2699 alii
1338 2671 1361 2698 a
1392 2658 1636 2712 Trophonio
1674 2658 1739 2700 fa-

263 2732 456 2774 bularum
484 2737 727 2785 argumenta
757 2723 985 2780 duxerunt,
1025 2729 1242 2771 consilium
1273 2733 1315 2770 et
1343 2730 1576 2772 institutum
1607 2729 1738 2770 fuisse

265 2803 456 2845 arbitror.
541 2802 602 2842 De
653 2802 779 2842 rebus
823 2800 1059 2856 Trophonii
1104 2802 1276 2853 eiusque
1318 2801 1429 2856 apud
1470 2800 1738 2844 Lebadenses
