1786 3210
214 191 299 234 sss
805 189 1128 251 rflRercm

215 317 342 353 κτος
385 298 534 357 βίος,
573 302 650 344 καὶ
687 302 995 358 ἀγέλαστος
1033 301 1161 360 βίος
1189 305 1265 347 καὶ
1302 302 1520 361 ἄγαμος
1558 305 1697 360 βίος,
1780 289 1786 376 {²

221 370 440 431 Φρύνιχος
478 373 525 414 ἐν
567 370 849 433 Μονοτρόπῳ
872 371 1054 432 ’Όνομα
1082 376 1175 420 κτλ.
1235 378 1380 420 Edidit
1408 378 1514 420 haec
1542 380 1699 433 primus
1783 377 1786 379 ’

215 446 489 489 Ruhnkenius
528 447 580 487 ad
610 448 824 501 Hymnum
856 448 951 490 cer.
983 462 1024 502 p.
1054 448 1124 491 35.
1193 450 1388 490 Lacunae
1425 450 1542 504 signa
1579 453 1700 506 posui

214 519 450 560 Bekkerum
488 522 700 571 sequutus.
766 519 920 560 Plenos
961 520 1031 573 qui
1068 533 1213 561 versus
1253 520 1366 561 volet
1403 534 1486 563 non
1516 522 1699 578 impedio

216 590 315 644 quin
346 589 518 630 scribat:

1072 655 1217 713 ὄνομα
1249 657 1299 700 δέ
1327 673 1407 714 μοι

385 726 509 769 ἐστὶν
538 724 849 786 Μονότροπος.
881 727 935 780 ζῶ
965 728 1011 770 δὲ
1046 727 1247 786 Τίμωνος
1277 727 1378 784 βίον
1406 730 1498 774 κτλ.

214 801 287 843 Vs.
317 801 345 841 3
386 794 590 842 ἄδουλον.
652 802 787 856 Vulgo
831 796 1002 853 ἄζυγον.
1075 804 1289 844 Mutabam
1334 804 1432 845 olim
1476 804 1697 845 verborum

214 872 427 913 ordinem:
456 865 725 927 ἀπρόσοδον,
757 867 946 926 ἄγαμον,
978 867 1228 927 ὀξύθυμον,
1258 869 1430 926 ἄζυγον.
1488 874 1581 917 vid.
1611 875 1696 916 Gu-

212 955 287 984 rae
316 944 407 984 crit.
437 956 479 996 p.
503 943 574 984 55.
633 944 752 985 Fecit
782 949 928 998 postea
959 946 1082 985 etiam
1113 945 1195 986 Th.
1227 946 1431 999 Bergkius
1462 946 1695 988 comment.

211 1027 255 1068 p.
285 1014 384 1055 372.
458 1015 614 1055 Melius
656 1019 796 1057 tamen
841 1017 1108 1057 Hermannus
1152 1016 1205 1057 ad
1245 1016 1458 1070 Euripidis
1496 1017 1695 1059 Androm.

210 1085 297 1126 580
336 1097 414 1138 pro
450 1079 610 1137 ἄζυγον
651 1087 816 1140 scripsit
851 1082 1069 1137 ἄδουλον,
1119 1088 1244 1128 allato
1285 1079 1524 1141 Phrynicho
1562 1088 1694 1129 Bekk.

210 1168 253 1210 p.
283 1156 339 1197 25
370 1156 439 1197 14.
477 1151 669 1204 ἄδουλος
709 1153 829 1210 βίοςε
870 1153 893 1198 ὁ
931 1154 994 1211 μὴ
1037 1153 1303 1198 δουλεύοντα
1348 1154 1469 1212 ἔχων.
1540 1159 1597 1199 Et
1627 1159 1692 1199 in-

211 1227 315 1268 utile
345 1231 410 1267 est
437 1227 541 1267 illud
575 1222 734 1279 ἄζυγον
762 1233 857 1281 post
886 1223 1076 1281 ἄγαμον.
1145 1230 1212 1270 Ad
1250 1230 1430 1270 eundem
1459 1228 1572 1269 hunc
1600 1241 1694 1270 ver-

211 1310 303 1338 sum
325 1297 507 1350 pertinet
535 1298 722 1338 eiusdem
753 1298 984 1352 Phrynichi
1013 1300 1270 1353 grammatici
1300 1300 1439 1353 glossa
1467 1312 1510 1353 p.
1538 1299 1594 1340 25
1622 1300 1693 1342 lo.

209 1362 313 1409 Ἀπ
324 1361 493 1424 ρόσοδ
502 1380 563 1416 ος
592 1364 734 1421 βίοςε
767 1360 801 1426 ᾧ
829 1364 975 1418 οὐδεὶς
998 1369 1240 1426 πρόσεισιν,
1268 1364 1369 1410 ἀλλ’
1401 1366 1575 1426 ἕρημος.
1605 1371 1691 1413 Το-

209 1442 298 1480 tum
337 1440 476 1481 locum
515 1441 774 1493 expressisse
813 1442 1031 1483 Libanium
1069 1442 1151 1484 vol.
1183 1442 1243 1485 1V
1268 1454 1312 1496 p.
1344 1442 1452 1484 148:
1502 1437 1691 1495 διαβάλ-

210 1505 367 1550 λονταί
401 1522 490 1563 μου
528 1507 612 1560 τὴν
640 1505 855 1565 ἡσυχίαν,
893 1507 1109 1566 ἁπρόσο
1123 1510 1224 1553 δον
1262 1510 1517 1564 καλοῦντες,
1563 1509 1689 1566 ἀγέ-

210 1579 420 1621 λαστον
462 1575 773 1635 ὀνομάζοντες,
817 1575 1201 1637 ἰδιογνώμονά
1242 1596 1348 1637 μου
1391 1581 1500 1624 τὸν
1557 1580 1688 1637 βίον

209 1647 609 1707 προσαγορεύοντες
628 1683 639 1703 ,
681 1654 859 1695 indicavi
888 1657 1056 1708 Quaest.
1087 1668 1201 1696 scen.
1231 1655 1271 1695 11
1301 1669 1343 1709 p.
1374 1657 1416 1696 9.
1472 1655 1689 1696 Adiectivo

211 1718 462 1778 ἀπρόσοδος
490 1736 591 1767 usus
622 1728 685 1765 est
716 1726 840 1768 etiam
866 1725 1098 1780 Procopius
1129 1726 1168 1767 11
1199 1726 1255 1767 17
1280 1740 1321 1780 p.
1351 1727 1436 1768 227
1467 1726 1534 1769 ed.
1564 1726 1687 1769 Dind.

932 1849 985 1890 Π.

351 1926 587 1984 Μεγάλους
616 1931 841 1985 πιθήκους
870 1922 961 1971 οἷδ’
996 1929 1170 1988 ἑτέρους
1193 1929 1317 1981 τινὰς
1345 1931 1497 1987 λέγειν,

349 2015 538 2067 Λυκέαν,
572 2016 750 2070 Τελέαν,
773 2014 1068 2072 Πείσανδρον,
1096 2015 1424 2070 Ἕξηκεστίδην.

345 2099 404 2143 Β.
434 2097 695 2156 ἀνωμάλους
723 2093 850 2151 εἶπας
879 2100 1104 2154 πιθήκους
1161 2106 1179 2127 *
1240 2106 1259 2127 *

351 2181 377 2227 ὁ
407 2185 489 2241 μέν
518 2200 562 2240 γε
593 2182 746 2239 δειλός,
780 2184 804 2229 ό
835 2186 883 2228 δὲ
909 2184 1058 2242 κόλαξ,
1088 2184 1113 2230 ὁ
1142 2186 1190 2228 δὲ
1219 2185 1374 2236 νόθος.

322 2300 556 2342 Scholiasta
586 2302 875 2355 Aristophanis
906 2303 981 2344 Av.
1014 2303 1092 2343 ll:
1129 2297 1438 2352 Ἐξηκεστίδης
1470 2297 1529 2350 ὠς
1565 2298 1684 2352 ξένος

208 2368 495 2427 κωμῳδεῖται.
563 2371 640 2411 καὶ
685 2370 904 2427 Φρᾶνιχος
946 2368 1226 2429 Μονοτρόπῳ
1267 2367 1501 2426 Μεγάλους
1538 2368 1685 2423 πιθή-

208 2455 309 2490 κους
337 2439 429 2484 κτλ.
504 2443 573 2484 vs.
605 2444 625 2483 1
673 2444 891 2497 legebatur
927 2439 1151 2494 πιθήκους
1190 2442 1232 2483 οἱ
1271 2441 1317 2483 δὲ
1346 2439 1534 2497 ἑτέρους,
1572 2443 1684 2497 quod

210 2515 371 2555 correxi
412 2516 579 2566 Quaest.
621 2527 734 2555 scen.
768 2515 783 2554 1
815 2528 855 2567 p.
887 2515 956 2555 30.
1027 2516 1221 2556 Probavit
1258 2517 1338 2555 hoc
1368 2516 1446 2555 Th.
1478 2515 1681 2567 Bergkius

188 2578 442 2627 Commeat.
473 2598 514 2636 p.
545 2585 629 2625 373
667 2585 740 2625 sed
781 2585 838 2624 ita
876 2590 921 2625 ut
951 2587 1077 2626 verba
1113 2575 1201 2625 οἶδ’
1233 2582 1403 2638 ἑτέρους
1439 2590 1518 2625 etc.
1559 2585 1680 2625 alteri

209 2655 492 2698 interlocutori
523 2657 739 2696 tribueret.
777 2680 832 2688 —
873 2656 942 2698 Vs.
973 2658 1000 2696 3
1031 2657 1246 2710 legebatur
1275 2651 1534 2707 ἀνομάλους.
1577 2657 1682 2697 Cor-

209 2727 317 2768 rexit
343 2725 581 2767 Dindorfius
611 2726 749 2767 Praef.
780 2727 840 2767 ad
862 2727 1020 2769 scholia
1048 2726 1261 2779 Aristoph.
1293 2739 1333 2778 p.
1350 2726 1461 2768 XIV.
1523 2727 1568 2767 in
1595 2727 1681 2767 fine

210 2808 355 2840 versus
384 2796 587 2838 excidisse
618 2798 783 2839 videtur
811 2794 863 2837 vr*
897 2794 981 2838 Δία
1012 2799 1077 2840 vel
1107 2798 1241 2840 simile
1270 2797 1382 2850 quid.
1443 2817 1496 2824 --
1550 2797 1621 2841 Vs.
1651 2798 1678 2839 4
