1786 3210
276 194 360 234 108
907 184 1122 230 GRATIN
1127 184 1146 225 1

998 355 1054 398 11.

642 461 720 519 Οἷς
749 464 804 520 δὴ
832 465 1041 524 βασιλεὺς
1076 463 1246 526 Κρόνος
1276 458 1333 521 ἧν
1361 464 1413 511 τὸ
1444 464 1654 522 παλαιόν,
1780 521 1786 536 ¹

336 554 407 604 ὅτε
437 556 529 607 τοῖς
557 552 707 612 ἄρτοις
736 550 1081 613 ἠστραγάλιζον,
1119 553 1260 611 μᾶζαι
1290 553 1344 598 δ’
1376 554 1424 598 ἐν
1452 558 1576 599 ταῖσι
1604 551 1786 598 πάλαί-ἱ

1069 654 1225 699 στραις

337 724 572 785 Αἰγιναῖαι
600 724 926 781 κατεβέβληντο
954 724 1200 784 δρυπεπεῖς,
1229 723 1390 783 βώλοις
1418 741 1466 770 τε
1492 725 1711 785 κομῶσαι.
1776 741 1786 789 Jj

394 873 636 917 Athenaeus
667 871 727 916 VI
756 885 798 926 p.
829 872 913 914 267
930 885 975 913 e:
1023 869 1067 912 οἱ
1106 867 1153 912 δὲ
1190 868 1269 923 τῆς
1308 867 1500 930 ἀρχαίας
1536 865 1771 929 κωμῳδίας

281 943 466 997 ποιηταὶ
496 941 597 999 περὶ
626 939 707 983 τοῦ
745 937 934 999 ἀρχαίου
974 938 1078 996 βίου
1114 939 1444 999 διαλεγόμενοι,
1482 936 1554 986 ὅτι
1594 939 1675 986 οὐκ
1713 932 1786 995 ἦνῑ

280 1013 379 1060 τότε
411 1011 582 1057 δούλων
604 1010 735 1072 χρεία
764 1011 1034 1057 ἐκτίθενται.
1111 1014 1334 1071 Κρατῖνος
1362 1018 1443 1072 μὲν
1472 1015 1520 1058 ἐν
1548 1011 1786 1065 ΙΙλούτοκ,,-’ι

289 1082 368 1139 Οἷς
397 1085 451 1139 δὴ
483 1084 693 1141 βασιλεὺς
720 1085 811 1129 κτλ.
872 1088 952 1129 His
983 1089 1174 1131 versibus
1193 1090 1408 1138 Cratinum
1440 1090 1592 1131 ceteris
1620 1089 1786 1144 poetis,;

284 1164 356 1218 qui
386 1161 542 1203 similes
573 1160 756 1201 Saturnii
786 1160 878 1200 aevi
910 1160 1215 1215 descriptiones
1248 1162 1545 1212 exhibuissent,
1574 1149 1774 1214 tanquam

283 1234 437 1276 illustri
468 1231 660 1285 exemplo
685 1232 916 1285 praeivisse
945 1232 1059 1272 idem
1090 1233 1334 1275 Athenaeus
1365 1233 1549 1274 affirmat
1578 1247 1618 1287 p.
1633 1233 1716 1274 268
1731 1231 1774 1275 d.

264 1307 465 1349 ‘Mirifice
495 1306 635 1344 autem
665 1302 744 1344 sibi
774 1303 995 1356 placebant
1023 1308 1176 1357 poetae
1206 1306 1354 1346 comici
1393 1306 1436 1346 iu
1465 1305 1647 1358 imagine
1676 1305 1776 1346 bea-

284 1383 354 1419 tae
383 1377 496 1417 illius
524 1374 902 1417 vetustissimorum
932 1374 1150 1418 hominum
1180 1377 1290 1419 vitae
1319 1376 1602 1419 adumbranda
1633 1379 1676 1416 et
1704 1388 1777 1416 va-

283 1450 358 1492 riis
402 1446 613 1489 coloribus
653 1446 853 1488 ornanda.
921 1448 1080 1489 Eorum
1127 1448 1244 1490 locos
1284 1450 1507 1503 diligenter
1543 1445 1778 1501 composuit

285 1520 528 1564 Athenaeus
564 1517 594 1558 l.
622 1518 651 1559 l.
721 1518 812 1560 Nec
849 1519 996 1574 tragici
1026 1524 1177 1574 poetae
1207 1520 1306 1560 talia
1336 1521 1586 1575 abnuebant.
1645 1519 1779 1561 Scho-

256 1594 410 1634 ‘liasta
444 1591 554 1634 Ven.
583 1589 796 1643 Aristoph.
834 1590 933 1631 Pac.
963 1590 1074 1632 531:
1112 1586 1346 1648 περιέργως
1387 1589 1436 1632 δέ
1467 1603 1588 1640 τινες
1624 1583 1684 1638 εἰς
1721 1583 1780 1630 τὰ

287 1662 335 1706 ἐν
360 1657 519 1718 Ἰνάχῳ
549 1659 648 1716 περὶ
677 1662 760 1701 τοῦ
787 1655 976 1715 ἀρχαίου
1007 1660 1110 1715 βίου
1141 1663 1217 1704 καὶ
1247 1662 1325 1714 τῆς
1354 1658 1643 1718 εὐδαιμονίας
1674 1655 1778 1712 „6²³2-

291 1731 500 1790 δαίμονες
540 1731 584 1773 οἱ
620 1729 768 1786 γενεᾶς
805 1728 902 1773 τότ’
944 1729 1153 1789 ἀφθίτου
1193 1732 1402 1790 λαχόντες
1420 1737 1444 1756 ”
1512 1736 1584 1778 Vs.
1616 1736 1639 1776 1
1687 1733 1781 1783 τοῖς

289 1803 440 1864 ἄρτοις
486 1799 826 1859 ἠστραγάλιζον.
902 1806 1131 1848 Teleclidis
1177 1809 1316 1848 locum
1362 1807 1473 1861 apud
1513 1806 1669 1848 Athen.
1717 1806 1786 1850 Vt.

290 1894 333 1934 p.
365 1879 450 1919 268
469 1877 516 1916 d:
558 1872 731 1930 μήτρας
773 1874 818 1916 δὲ
858 1871 1011 1931 τόμοις
1039 1878 1117 1918 καὶ
1142 1875 1437 1934 χναυματίοις
1465 1876 1511 1919 οἱ
1539 1875 1695 1926 παῖδες
1722 1871 1786 1918 ἂν

290 1943 625 2004 ἠστραγάλιζον,
657 1950 910 2002 comparavit
940 1950 1377 2004 Schweighaeuserus.
1409 1976 1466 1985 --
1505 1951 1578 1994 Vs.
1609 1951 1637 1991 3
1677 1946 1786 2005 &pv-⁴<

291 2020 456 2069 πεπεῖς.
487 2021 548 2061 lta
578 2022 742 2063 ACDV.
773 2018 996 2076 δρυπετεῖς
1027 2022 1111 2063 PL.
1144 2023 1233 2064 Cfr.
1265 2035 1392 2076 supra
1420 2037 1461 2077 p.
1474 2023 1516 2064 8.
1547 2023 1610 2064 De
1622 2007 1786 2077 μάζαις

293 2090 533 2151 δρυπεπέσι
577 2106 615 2132 v.
653 2092 1097 2146 Schweighaeuserum
1142 2094 1195 2135 ad
1234 2095 1389 2136 Athen.
1439 2095 1521 2136 vol.
1554 2094 1572 2134 l
1610 2109 1652 2148 p.
1681 2094 1778 2137 381.

295 2166 402 2208 lbid.
418 2176 492 2218 pro
524 2158 683 2216 βώλοις
712 2164 825 2217 Epit.
855 2159 1020 2212 κώλοις.
1058 2165 1211 2205 Parum
1241 2170 1338 2218 apte
1352 2166 1543 2218 Toupius
1574 2162 1778 2208 scribebat

294 2234 484 2290 ὀβολοῖς,
515 2240 562 2276 ut
591 2235 643 2275 ad
672 2237 909 2289 Aeginaeos
939 2237 1088 2277 obolos
1105 2238 1253 2278 Atticis
1284 2238 1512 2278 crassiores
1542 2240 1585 2277 et
1614 2238 1777 2279 maioris

295 2308 421 2364 pretii
464 2307 665 2348 alluserit.
738 2308 788 2349 Ο.
831 2308 1069 2350 Muellerus
1110 2310 1262 2363 Aegin.
1303 2322 1345 2362 p.
1391 2309 1474 2349 186
1521 2309 1776 2363 intelligebat

296 2393 434 2422 mazas
465 2379 519 2419 de
548 2379 698 2419 arbore
730 2378 928 2420 deciduas
957 2380 1145 2435 glebisve
1164 2381 1482 2436 provenientes.
1540 2381 1621 2422 Th.
1652 2382 1774 2434 Berg-

297 2452 391 2493 kius
421 2451 654 2491 Commeat.
683 2464 726 2504 p.
758 2451 842 2491 196
881 2453 1068 2493 tentabat
1105 2447 1307 2506 ἀμύλοις.
1377 2452 1476 2505 Ipse
1513 2452 1614 2494 olim
1656 2452 1773 2493 conii,

301 2522 461 2563 ciebam
500 2519 711 2575 πολφοῖς,
753 2526 992 2575 comparato
1023 2523 1262 2577 Metagenis
1298 2536 1424 2564 versu
1455 2524 1567 2577 apud
1595 2518 1772 2581 Erotian

301 2605 343 2645 p.
373 2591 478 2631 314:
508 2585 704 2643 ἀμύλου,
733 2589 950 2643 λεκίθων,
981 2591 1183 2650 καρύων,
1212 2591 1377 2648 ζωμοῦ,
1408 2591 1616 2648 πολφῶν,
1646 2591 1771 2635 οἴνου

300 2656 591 2710 κολοκύνθης.
630 2665 715 2706 Sed
745 2666 1046 2707 dubitationem
1075 2665 1209 2707 iniicit
1245 2665 1451 2720 Hesychii
1481 2666 1621 2720 glossa
1648 2667 1732 2708 iam
1758 2680 1770 2708 ι

283 2732 702 2798 ¹Schweighaeusero
743 2738 892 2788 allata,
930 2733 1110 2778 Βωλίαι
1153 2732 1310 2791 βωλίς·
1347 2732 1486 2791 μάζης
1521 2725 1637 2786 εἶδός
1666 2750 1711 2778 τι
1738 2733 1770 2778 ἐν

304 2803 402 2854 ταῖς
431 2799 634 2854 θυσίαις.
693 2808 777 2850 Ubi
807 2804 952 2862 βωλία
982 2809 1208 2854 delendum
1237 2810 1417 2855 videtur.
1471 2810 1624 2865 ‘ltaque
1650 2806 1768 2866 μᾶζα
