1786 3210
220 183 304 223 396
832 181 1120 223 IIERMIPPI

503 295 724 350 gladiique
754 297 834 346 tui,
866 309 973 350 quae
1002 296 1124 336 modo
1153 296 1261 337 dura

507 373 599 408 cote
628 367 807 408 subacta
838 373 916 418 est,
947 369 1063 408 acies
1093 367 1267 422 languet

502 438 642 478 subito
671 439 888 480 mordente
922 439 1103 479 Cleone?

223 509 289 552 Ad
308 509 476 551 Moeras
506 509 612 549 haec
639 510 865 550 referenda
897 524 990 550 esse
1021 516 1063 551 et
1094 524 1144 551 eo
1176 515 1365 562 tempore
1389 509 1543 563 scripta
1559 509 1704 561 videri,

225 595 306 634 quo
323 581 641 621 Lacedaemonii
670 581 849 634 primum
881 582 1060 622 Atticam
1090 582 1338 630 invaserant,
1369 581 1495 639 allato
1514 582 1707 635 Thucyd.
1779 631 1781 633 ‚

226 652 266 692 11
297 653 350 692 21
386 652 546 692 conieci
577 652 676 692 olim
708 654 878 704 Quaest.
911 665 1024 692 scen.
1058 653 1074 692 Ι
1109 666 1151 706 p.
1182 653 1238 691 3⁰
1268 652 1399 702 (Hist.
1431 653 1523 693 crit.
1554 666 1597 706 p,
1618 653 1709 705 91).
1779 650 1781 690 ἒ

225 725 393 765 Monuit
423 736 535 764 nunc
566 724 690 773 etiam
722 723 803 764 Th.
835 724 1041 777 Bergkius
1073 724 1306 764 Commeat.
1338 738 1378 777 p.
1409 725 1507 766 320.
1579 725 1652 766 Vs.
1683 725 1707 764 1

225 784 419 848 staffile&
443 789 674 849 Σατύρων.
745 795 865 838 Haec
908 795 961 835 ad
991 795 1164 835 Periclis
1195 795 1389 851 libidines
1418 797 1542 836 traxit
1570 795 1710 836 Sinte-
1776 791 1778 794 ’

224 867 369 917 nisius,
400 867 450 907 ad
481 867 692 907 imbellem
723 866 927 920 ignaviam
958 867 1240 907 Hermannus.
1299 867 1384 907 Sed
1413 867 1600 921 ignaviae
1630 866 1711 907 cri-

225 951 322 979 men
353 952 435 978 non
468 939 620 979 cadere
649 938 823 978 videtur*
842 939 885 979 in
917 939 1101 992 Satyros.
1171 937 1316 990 Itaque
1345 938 1541 991 praefero
1572 939 1710 979 Sinte-

226 1010 320 1050 nisii
350 994 568 1050 rationem.
629 1009 720 1050 Nisi
749 1008 861 1050 forte
892 1009 1136 1063 Satyrorum
1166 1008 1333 1049 nomine
1351 1010 1524 1050 Periclis
1555 1010 1710 1050 amicos

226 1070 451 1135 significari
486 1081 598 1121 dicas
637 1080 690 1120 ad
729 1081 974 1133 obsequium
1017 1085 1060 1120 et
1096 1080 1378 1121 adulationem
1417 1094 1588 1135 pronos.
1647 1080 1711 1120 De

226 1153 400 1206 satyris,
432 1153 644 1192 simiarum
677 1165 833 1205 genere
863 1153 1122 1205 gesticulatis
1153 1153 1334 1192 motibus
1362 1153 1572 1206 inquieto,
1610 1151 1711 1192 dixit

227 1225 498 1266 Gasaubonus
529 1223 581 1263 ad
611 1223 827 1275 Theophr.
859 1223 984 1264 Char.
1017 1224 1053 1265 V
1083 1237 1124 1275 p.
1140 1225 1195 1263 72
1223 1224 1336 1276 Lips.
1396 1226 1458 1265 Ac
1489 1224 1628 1264 nescio
1659 1237 1712 1264 an

225 1296 406 1337 eundem
435 1296 478 1335 in
508 1295 677 1335 modum
708 1294 1004 1348 intelligendus
1035 1295 1087 1334 sit
1120 1294 1361 1336 Timocleae
1391 1295 1557 1336 fabulae
1586 1295 1712 1336 index

227 1361 539 1420 Δημοσάτυροι
575 1365 685 1418 apud
722 1365 873 1406 Athen.
906 1365 963 1407 IV
995 1379 1035 1419 p.
1068 1365 1150 1405 165
1167 1366 1197 1407 f.
1245 1381 1325 1420 quo
1366 1368 1533 1408 nomine
1571 1368 1712 1408 dema-

228 1440 328 1494 gogi
358 1438 583 1492 significari
602 1437 795 1478 videntur
824 1437 1002 1491 turpiter
1034 1438 1284 1490 obsequiosi,
1316 1452 1418 1491 quos
1449 1434 1713 1493 δημοπιθή-

229 1523 331 1558 κους
374 1510 476 1549 dixit
519 1509 734 1562 Aristoph.
777 1510 884 1549 Rau.
934 1509 1048 1549 1085
1103 1514 1146 1549 et
1200 1510 1444 1562 simpliciter
1487 1508 1712 1559 πιθήκους

229 1581 496 1635 Phrynichus
527 1581 637 1634 apud
667 1579 798 1620 schol.
830 1581 906 1620 Av.
940 1580 1008 1620 ll.
1078 1580 1295 1620 Eodemne
1326 1585 1487 1634 spectet
1518 1582 1712 1636 Ecphan-

229 1654 326 1694 tidis
374 1653 532 1694 Cratini
582 1651 813 1704 Phrynichi
854 1651 1115 1704 aliorumque
1155 1651 1389 1693 fabularum
1432 1654 1578 1695 titulus
1620 1648 1711 1692 Σά-

231 1737 379 1779 τυροι,
418 1737 501 1764 non
543 1724 799 1774 discernam,
837 1736 963 1776 quum
995 1724 1239 1776 Satyrorum
1279 1737 1430 1764 nomen
1460 1725 1544 1765 late
1573 1729 1713 1779 pateat

231 1801 276 1839 et
304 1797 357 1837 ad
387 1795 554 1848 quosvis
583 1795 773 1835 homines
812 1795 937 1834 animi
975 1795 1214 1848 corporisve
1253 1795 1350 1835 vitio
1390 1795 1600 1838 deformes
1629 1801 1713 1838 tra-

231 1869 327 1910 duci
365 1881 490 1921 posse
527 1867 730 1907 videatur.
804 1866 1017 1907 Hesiodus
1055 1866 1221 1919 Fragm.
1262 1866 1364 1906 XIII
1404 1868 1431 1908 2
1470 1868 1601 1910 Gaisf.
1637 1867 1715 1909 καὶ

229 1939 354 1995 γένος
392 1933 641 1979 οὐτιδανῶν
670 1932 887 1991 Σατύρων
925 1937 999 1990 καὶ
1042 1932 1384 1992 ἀμηχανωργιῦν
1423 1938 1548 1990 (fort.
1578 1953 1715 1981 κακο-

233 2008 580 2066 μηχανοεργῶν).
640 2010 716 2052 Cfr
746 2011 1012 2050 Hermannus
1045 2010 1200 2062 opusc.
1233 2010 1250 2049 Ι
1280 2025 1321 2063 p.
1352 2011 1422 2052 47.
1480 2038 1538 2046 ---
1596 2014 1715 2056 Vs.2

232 2078 388 2136 λόγους
427 2078 595 2129 δεινοὺς
635 2082 734 2121 dicit
765 2081 940 2121 Periclis
981 2081 1214 2130 orationes,
1257 2081 1406 2133 quibus
1443 2082 1515 2122 ille
1557 2084 1714 2126 bellum

231 2158 399 2198 fortiter
429 2153 730 2208 capessendum
762 2165 855 2192 esse
895 2153 1154 2192 hortabatur.
1224 2151 1300 2192 Csr
1331 2152 1615 2195 Sintenisium.
1657 2180 1714 2188 —-

232 2231 306 2272 Vs.
336 2229 363 2268 3
394 2227 489 2267 libri
520 2223 686 2278 quidam
716 2218 897 2271 ὑπέστη.
959 2223 1020 2263 De
1052 2223 1202 2263 Telete
1234 2223 1338 2263 nibil
1369 2228 1541 2266 constat.
1584 2226 1715 2267 Mire-

232 2302 290 2342 rIs
318 2298 583 2343 Valckenarii
613 2296 826 2336 levitatem
854 2290 1092 2343 Ἀτέλητος
1123 2295 1380 2336 conficientis
1408 2296 1538 2338 Diatr.
1559 2311 1600 2351 p.
1617 2299 1715 2340 222.

234 2375 414 2415 Coraes:
446 2363 595 2423 κύριόν
624 2365 746 2407 ἐστιν
775 2361 919 2419 ὄνομα
950 2360 973 2405 ὁ
999 2364 1134 2414 Τέλης
1164 2393 1217 2398 —
1248 2360 1422 2419 ἀνδρός,
1450 2361 1508 2414 ὠς
1536 2366 1619 2420 μέν
1647 2381 1716 2408 τι..

235 2457 305 2493 vag
344 2439 574 2494 ἐξέλαβον,
614 2434 801 2490 ἀγαθοῦ
840 2434 894 2475 τὰ
933 2436 1031 2490 moi
1069 2433 1146 2477 τὸν
1177 2432 1369 2491 πόλεμον
1396 2437 1473 2478 καὶ
1500 2435 1714 2493 μαχίμου,

234 2511 293 2565 ὥς
326 2511 372 2554 δ’
406 2511 543 2568 ἕτεροι
573 2501 660 2562 (οἷς
689 2508 764 2548 καὶ
794 2506 964 2561 μᾶλλον
995 2506 1262 2561 πείθομαι),
1291 2504 1551 2549 τούναντίον
1579 2505 1716 2550 ἀνάν-

237 2586 358 2640 δρου,
420 2586 540 2626 Prius
570 2582 691 2624 unice
721 2581 1000 2634 probandum:
1039 2580 1194 2621 Teletis
1225 2583 1411 2621 animam
1441 2588 1484 2621 et
1515 2583 1716 2623 virtutem

233 2659 452 2715 pollicitus
483 2671 538 2697 es.
571 2681 625 2686 —
658 2655 729 2695 Vs.
748 2653 775 2692 5
807 2657 848 2692 et
878 2653 903 2691 6
935 2652 1103 2691 exhibui
1135 2657 1179 2691 ut
1209 2654 1351 2715 scripti
1381 2653 1578 2705 leguntur
1607 2655 1717 2707 apud

239 2732 416 2778 Comen,
447 2740 570 2780 quem
601 2725 765 2778 sequuti
797 2727 891 2763 sunt
911 2721 1164 2763 Schaeferus
1196 2729 1237 2762 et
1267 2723 1541 2764 Sintenisius:
1579 2719 1716 2780 ἀκόνῃ

239 2796 409 2856 σκληρᾷ
440 2812 489 2840 ex
504 2797 679 2841 Vulcob.
711 2799 940 2848 receptum.
973 2793 1109 2847 Vulgo
1141 2789 1277 2843 ἀκόνη
1309 2789 1489 2848 σκληρά.
1520 2821 1576 2827 ..-
1605 2796 1719 2839 Vs,6

1139 2942 1165 2966 Q
