1786 3210
241 175 328 217 soz
846 170 1152 215 eupomms
1300 180 1303 184 ·
1385 218 1388 221 ,
1754 154 1772 230 Ξ

243 289 341 330 dem
381 301 507 342 aegre
544 286 781 329 absolutum
818 300 929 338 esse,
967 291 1010 328 at
1048 285 1371 330 condemnatum
1407 289 1500 343 ipso
1536 291 1614 333 illo'
1648 290 1732 332 crl-
1768 270 1771 277 Ι

242 361 355 402 mine
393 359 653 401 Pisandrum.
722 359 846 412 Quod
883 360 996 400 unde
1036 359 1178 399 datum
1216 361 1442 414 sumpserit
1471 362 1533 402 vir
1563 364 1617 405 cl.
1647 377 1731 405 non

243 431 453 473 indicavit.
533 433 595 473 Ac
634 435 774 484 potest
820 429 926 470 illud
964 424 1214 470 ἀπόλλυται
1251 433 1375 473 etiam
1416 433 1530 474 hunc
1565 447 1733 476 sensum
1785 434 1786 490 ξ

243 503 424 544 habere:
453 502 565 543 male
596 503 746 556 agitur
776 515 870 542 cum
898 501 1125 542 Pisandro.
1186 503 1304 543 Adeo
1335 504 1495 546 incerta
1525 505 1663 546 omnia
1690 506 1735 547 in

247 574 454 617 eiusmodi
484 573 744 626 fragmentis.
785 598 841 605 -—
879 573 951 614 Vs.
982 574 1008 612 2
1043 573 1168 626 vulgo
1199 568 1223 612 ὁ
1254 572 1465 626 στρεβλὸς
1495 570 1551 616 οὔ
1578 571 1680 615 ἀλλ’
1710 571 1735 616 ὁ

247 629 398 698 μέγαξ.
466 645 658 685 Correxit
699 644 890 697 Toupius
930 644 1108 685 Emend.
1141 643 1180 684 11
1218 659 1258 698 p.
1289 647 1358 688 67.
1426 648 1615 702 Respicit
1653 648 1738 690 huc

248 717 425 759 Photius
456 730 496 769 p.
519 716 605 756 543
638 716 676 757 l.
720 711 946 769 Στρεβλὸν
976 713 1055 755 τὸν
1085 712 1284 768 στραβὸν
1312 714 1534 768 λέγουσιν·
1564 714 1622 768 ὥς
1649 714 1739 761 Εὕ-

250 785 391 835 πολις.
452 790 570 840 Quae
608 787 807 840 leguntur
844 788 969 827 etiam
1011 787 1121 840 apud
1158 788 1363 828 Zonaram
1405 803 1446 843 p.
1476 790 1602 832 1675.
1661 791 1739 832 Se·

249 860 419 914 quentia
455 863 616 912 spectat
653 859 874 899 scholiasta
914 858 1130 911 Aristoph.
1161 858 1259 911 Lys.
1288 858 1396 900 491:
1442 856 1538 901 ἔστι
1579 859 1624 902 δὲ
1663 860 1740 903 καὶ

249 927 382 980 ἄλλος
412 927 711 983 Πείσανδρος,
742 925 765 968 ὁ
794 924 1085 979 Ὀνοκίνὸιος,
1115 923 1173 976 ὠς
1193 923 1389 979 Εὔπολις
1418 928 1630 988 διακρίνει
1660 930 1742 984 τὴν

250 998 511 1057 ὁμωνυμίαν
541 999 587 1040 ἐν
618 998 819 1056 Μαρικᾷ.
889 1001 1190 1054 Aristophanes
1231 1001 1284 1042 de
1316 1003 1518 1048 Pisandro
1556 1006 1744 1059 loquitur

251 1074 512 1117 Acharnensi
543 1073 699 1124 (schol.
718 1072 973 1125 Aeschinis),
1005 1085 1028 1113 a
1051 1085 1132 1125 quo
1164 1085 1247 1113 non
1281 1074 1491 1116 diversum
1522 1072 1627 1117 esse'
1645 1089 1743 1118 eum

252 1159 376 1201 quem
406 1145 630 1186 asinarium
662 1148 861 1184 vocarunt
903 1144 1077 1193 comici,
1118 1143 1405 1186 demonstrare
1446 1151 1618 1187 conatus
1649 1160 1742 1188 sum

251 1218 363 1259 Hist.
394 1218 486 1257 orit.
517 1229 559 1269 p.
591 1216 674 1255 177
705 1228 794 1267 sqq.
834 1227 929 1255 cum
959 1215 1058 1255 olim
1091 1216 1261 1267 quaest.
1293 1230 1350 1258 sc.
1381 1218 1420 1257 11
1452 1232 1492 1270 p.
1523 1218 1577 1257 21
1620 1217 1743 1258 aliam

252 1293 455 1341 sequutus
487 1300 623 1327 essem
654 1287 925 1335 sententiam,
963 1287 1178 1339 probatam
1217 1287 1330 1328 illam
1362 1289 1597 1330 Fritzschio
1627 1290 1744 1331 Actis

255 1360 350 1401 Soc.
382 1372 444 1413 gr.
475 1359 503 1400 l.
534 1359 562 1398 Ι.
603 1363 646 1398 et
676 1357 727 1397 ad
758 1357 971 1410 Aristoph.
1004 1357 1262 1411 Thesmoph.
1295 1373 1336 1412 p.
1366 1360 1467 1401 314.
1532 1361 1585 1401 Ei
1623 1373 1746 1428 qtgam

255 1437 402 1486 postea
426 1434 627 1484 sequutus
651 1442 743 1470 sum
760 1429 993 1470 sententiae
1025 1429 1149 1470 etiam
1180 1430 1221 1470 in
1255 1444 1304 1471 eo
1338 1431 1526 1472 nonnihil
1552 1425 1748 1485 praesidii

256 1507 448 1558 paratum
492 1507 580 1552 est,
630 1501 744 1554 quod
785 1501 888 1542 asini
931 1501 1260 1542 Acharnensium
1307 1504 1531 1558 praecipua
1569 1502 1747 1558 quadam

260 1575 386 1618 laude
430 1574 691 1614 ferebantur.
762 1572 1045 1626 Diogenianus
1087 1571 1439 1615 Proverb.126.
1482 1569 1748 1630 Ἀντρώνιος

259 1641 386 1693 ὅνοςε
426 1642 498 1684 ἐπὶ
530 1641 617 1683 τῶν
646 1639 848 1696 μεγάλων
877 1642 954 1682 καὶ
989 1638 1153 1697 ἀγρίων
1182 1643 1256 1684 καὶ
1287 1639 1601 1699 ἀνενεργήτων.
1662 1640 1750 1685 Ἐν

257 1711 480 1770 Ἀντρῶνι
509 1710 605 1770 γάρ,
633 1706 692 1762 ὥς
723 1727 839 1768 φησι
872 1710 1171 1769 Φερεκράτης,
1199 1710 1384 1768 μεγάλοι
1411 1711 1509 1756 ὄνοι
1538 1712 1751 1768 ἐγίνοντο,

258 1782 590 1843 Ἀχαρνικοὶ
618 1781 737 1826 ὄνοι
768 1783 840 1826 ἐπὶ
869 1783 957 1826 τῶν
987 1782 1148 1829 αὐτῶν.
1208 1789 1459 1842 Hesychius,
1488 1783 1758 1842 Ἀχαρνιε

262 1860 356 1901 κοὶ
385 1856 526 1900 ὄνοις
575 1856 647 1898 ἐπὶ
685 1855 772 1903 τῶν
810 1854 1013 1911 μεγάλων
1049 1850 1187 1906 οὕτως
1226 1855 1387 1912 ἔλεγον.
1448 1861 1592 1913 ltaque
1623 1854 1754 1908 ὅνους

263 1926 555 1986 Ἀχαρνικοὺς
574 1930 768 1971 dicebant
790 1930 984 1971 homines
1002 1935 1142 1970 vastae
1158 1934 1356 1982 staturae,
1385 1932 1461 1974 sed
1491 1931 1681 1986 stupidos
1711 1936 1761 1979 et,

265 2004 437 2045 inertes.
481 2003 571 2043 Nec
601 2002 751 2042 mirum
784 2008 848 2042 est
878 2015 985 2054 quae
1015 2002 1223 2042 asinorum
1254 2007 1374 2043 erant
1402 2004 1571 2057 propria
1601 2004 1644 2044 in
1673 2003 1756 2044 asi-

266 2075 405 2117 narios
435 2072 567 2113 fuisse
596 2072 807 2112 translata.
876 2072 939 2112 De
969 2067 1215 2120 ὀνοκίνὸιος
1241 2074 1328 2114 sive
1358 2086 1464 2126 quae
1499 2075 1641 2115 dorica
1666 2074 1756 2115 for-

268 2158 336 2187 ma
366 2144 446 2185 fuit
473 2138 732 2193 ὀνοκίνδας,
772 2143 866 2183 vide
904 2155 1010 2200 quos
1047 2143 1219 2187 laudant
1255 2145 1511 2203 interpretes
1549 2145 1756 2205 Hesychii

271 2217 312 2263 11
344 2230 383 2271 p.
413 2216 514 2261 762.

969 2367 1062 2410 Vll.

443 2447 582 2492 Ἀλλ’
612 2446 730 2491 εὐθὺ
762 2445 926 2499 πόλεως
956 2441 1068 2506 εἶμι·
1100 2451 1249 2494 θῦσαι
1276 2449 1360 2512 γάρ
1389 2468 1443 2509 με
1475 2452 1546 2496 δεῖ

446 2534 570 2592 κριὸν
602 2532 729 2593 Χλόῃ
759 2532 972 2591 Δήμητρι.

389 2652 622 2693 Scholiasta
652 2651 874 2705 Sophoclis
907 2651 1013 2691 Oed.
1044 2652 1135 2695 Col.
1160 2654 1292 2695 1600:
1321 2647 1504 2707 εὐχλόου
1532 2648 1764 2708 Δήμητρος

279 2716 396 2777 ἱερόν
425 2719 519 2763 ἐστι
549 2719 660 2777 πρὸς
689 2719 744 2780 τῇ
773 2717 1022 2777 ἀκροπόλει.
1065 2721 1140 2762 καὶ
1171 2719 1368 2772 Εὔπολις
1399 2722 1588 2784 Μαρικᾷ
1623 2719 1760 2765 Ἀλλ’

278 2788 398 2837 εὐθὺ
436 2788 601 2842 πόλεως
642 2821 696 2826 -
734 2789 948 2849 Δήμητρι.
1017 2789 1137 2837 ἔνθα
1175 2792 1388 2848 δηλοῦται
1425 2788 1496 2842 ὅτι
1532 2795 1608 2842 καὶ
1644 2791 1767 2856 κριὸς
