1786 3210
664 175 1036 222 ΚΕΡΚΩΠΕΣ.
1507 177 1594 226 393

415 340 1279 396 ΚΕΡΚΩΠΕΣ.*)

915 560 969 603 Οἱ
998 559 1082 619 γὰρ
1109 558 1340 619 πενόμενοι

334 644 546 705 ἀνάπηρά
577 662 651 690 σοι
680 647 878 691 θύουσιν
907 644 994 700 ἤδη
1025 646 1192 703 βοίδια,

334 733 656 792 Λεωτροφίδου
685 732 925 794 λεπτότερα
953 737 1028 779 καὶ
1062 732 1381 792 Θουμάντιδος.

214 849 454 892 Athenaeus
479 852 561 892 XII
594 866 633 906 p.
663 851 743 892 551
765 854 816 894 b:
859 848 983 911 πόσῳ
1021 840 1101 893 οὖν
1141 847 1322 893 κάλλιον
1352 845 1594 904 πενόμενον

104 907 219 959 εἶναι
254 916 515 976 λεπτότερον
542 912 606 962 ὦν
634 921 863 976 καταλέγει
897 917 1154 981 “Ἐρμιππος
1192 921 1237 963 ἐν
1270 921 1522 977 Κέρκωψιν,
1562 915 1592 971 ἢ

102 984 518 1045 ὑπερπλουτοῦντας
565 990 626 1050 τῷ
669 991 937 1053 Ταναγραίῳ
985 991 1105 1046 κήτει
1150 993 1338 1035 ἐοικέναι
1383 1022 1440 1028 —
1479 993 1595 1048 φησὶ

103 1055 151 1099 δ’
183 1054 323 1111 οὕτως
351 1058 376 1103 ὁ
397 1056 654 1119 ’Ἕρμιππος
683 1063 793 1120 πρὸς
822 1063 902 1108 τὸν
917 1062 1137 1108 Διόνυσον
1166 1063 1244 1107 τὸν
1273 1061 1405 1118 λόγον
1436 1061 1594 1106 ποιού-

99 1144 231 1185 μενος
279 1131 334 1174 Οἱ
369 1132 453 1190 γὰρ
497 1131 731 1191 πενόμενοι
759 1136 851 1180 κτλ.
924 1139 1054 1180 Iidem
1085 1151 1229 1179 versus
1260 1139 1469 1192 prioribus
1499 1149 1593 1178 ver-

101 1205 165 1246 bis
196 1206 358 1248 omissis
388 1208 587 1262 leguntur
616 1210 727 1263 apud
756 1210 888 1252 schol.
922 1210 1213 1264 Aristophanis
1243 1212 1319 1252 Av.
1352 1209 1486 1250 1406:
1516 1207 1593 1249 καὶ

101 1266 231 1325 οὗτος
259 1278 629 1333 (Leotrophides)
668 1278 757 1319 τῶν
793 1276 974 1335 σφόδρα
1017 1278 1200 1321 λεπτῶν.
1248 1308 1304 1314 —-
1338 1273 1596 1335 “Ερμιππος

103 1346 346 1403 Κέρκωψιν
367 1345 605 1405 Ἀνὰπηρά
636 1363 709 1391 σοι
737 1350 828 1394 κτλ.
897 1354 962 1394 Ex
991 1353 1208 1394 Athenaeo
1244 1344 1425 1394 eundem
1455 1353 1594 1395 locum

103 1421 297 1473 apposuit
327 1421 570 1464 Eustathius
599 1423 652 1464 ad
682 1423 801 1465 Iliad.
830 1418 866 1463 v'
900 1438 941 1478 p.
974 1425 1100 1475 1288,
1140 1438 1190 1465 ex
1230 1424 1455 1466 scholiasta
1495 1425 1591 1466 Ari-

103 1491 319 1544 stophanis
356 1493 506 1534 suidas
544 1507 578 1535 s.
610 1508 648 1535 v,
693 1492 1021 1552 Λεωτροφίδης.
1099 1495 1171 1538 Vs·
1204 1495 1227 1534 l
1275 1492 1319 1534 οἱ
1356 1491 1440 1551 γὰρ
1478 1497 1511 1537 C
1550 1500 1594 1537 et

103 1562 365 1605 Eustathius.
426 1565 536 1608 PVL
577 1562 658 1605 νῦν
701 1565 745 1605 οἱ
785 1561 883 1620 γάρ.
942 1567 1141 1607 Fortasse
1191 1567 1318 1619 igitur
1365 1566 1464 1607 νυνὶ
1507 1563 1592 1623 γὰρ

104 1629 198 1673 οἱδὶ
235 1629 480 1688 πενόμενοι.
528 1662 585 1670 —
632 1637 690 1679 Vs
719 1639 747 1678 2
792 1638 826 1679 C
859 1642 900 1679 ct
930 1638 1177 1680 Eustathius
1207 1633 1448 1680 θύσουσιν.
1510 1639 1594 1681 Ibi-

105 1704 201 1746 dem
231 1707 443 1760 vulgatum
473 1704 629 1760 βοΐδια
658 1710 865 1751 mutabam
895 1710 937 1750 in
969 1704 1146 1762 βούδια,
1178 1710 1327 1751 ductus
1357 1710 1424 1752 his
1454 1711 1594 1751 verbis

105 1776 320 1818 Antiattic.
351 1792 393 1832 p.
424 1778 480 1819 85
510 1780 591 1819 29:
634 1774 824 1831 βούδια,
862 1776 915 1819 οὐ
949 1775 1091 1833 μόνον
1121 1776 1287 1833 βοίδια.
1338 1774 1595 1837 ’Ἕρμιππος

106 1845 326 1903 Κέρκωπι.
369 1849 548 1904 Recepit
573 1850 655 1891 hoc
672 1851 925 1893 Dindorfius.
969 1853 1054 1894 Sed
1086 1867 1135 1894 ea
1163 1852 1299 1895 forma
1328 1866 1438 1895 nune
1468 1867 1594 1909 aegre

105 1918 292 1962 adducor
337 1925 384 1962 ut
429 1935 673 1976 germanum
720 1925 902 1965 Atticum
951 1937 1071 1966 usum
1110 1938 1203 1966 ease
1244 1925 1433 1966 credam:
1480 1930 1595 1967 certe

105 1986 286 2047 ῥούδιον
313 1987 530 2046 μνούδιον
573 1988 789 2049 φλούδιον
827 2001 869 2036 et
911 1996 1061 2037 similia
1109 2001 1319 2037 extremae
1349 2000 1445 2037 sunt
1473 1990 1595 2052 grae-⁴

107 2063 257 2104 citatis.
316 2064 391 2106 Cfr
422 2066 678 2107 Lobeckium
709 2067 762 2108 ad
794 2068 951 2121 Phryn.
980 2082 1021 2121 p.
1052 2068 1123 2109 87.
1193 2069 1388 2108 Formam
1419 2064 1596 2124 ΙΒοίδιον

108 2136 294 2190 agnoscit
325 2138 450 2179 etiam
481 2139 721 2181 Athenaeus
752 2141 849 2183 XIV
881 2154 922 2192 p.
953 2139 1037 2180 650
1055 2153 1102 2180 e:
1140 2134 1312 2196 ῥοίδιον
1347 2137 1501 2191 μέντοι
1536 2135 1595 2189 ὠς

109 2202 285 2260 βοίδιον
320 2204 372 2248 τὸ
409 2203 760 2264 ὑποκοριστικόν.
819 2211 1132 2264 Leotrophidae
1170 2211 1448 2252 macilentiam
1486 2212 1596 2253 ridet

112 2278 235 2318 etiam
267 2277 568 2334 Theopompus
602 2278 782 2330 Καπηλ.
812 2281 963 2335 fragm.
997 2280 1028 2321 1.
1062 2281 1318 2324 Thumantin
1348 2283 1593 2338 Aristopha-

111 2362 188 2391 nes
218 2349 360 2403 Equit.
394 2351 519 2402 1205,
549 2353 620 2393 ubi
651 2365 691 2394 v.
722 2352 855 2394 schol.

831 2467 886 2508 II.

311 2546 507 2604 Χρυσίδ’
537 2550 661 2592 οἴνου
692 2550 971 2602 πανσέληνον
1000 2546 1162 2590 ἐκπιών
1196 2545 1407 2604 ὑφείλετο.

224 2665 465 2707 Athenaeus
496 2667 554 2707 XI
592 2680 633 2721 p.
664 2666 749 2708 502
764 2681 801 2708 e.
843 2667 896 2708 de
934 2665 1131 2720 chryside
1173 2665 1323 2718 poculo
1362 2666 1592 2710 disserens:

211 2809 242 2851 ⁸)
267 2810 306 2844 V.
334 2812 422 2846 [fist.
447 2812 522 2847 crit.
548 2825 580 2856 μ.
605 2814 663 2848 94.
