1786 3210
223 165 307 207 552
806 165 843 206 Ε
851 164 1114 207 UPOLlDlS

931 279 1002 319 IX.

371 363 611 426 Δεξάμενος
642 369 688 411 δὲ
717 363 954 425 Σωκράτης
983 365 1065 420 τὴν
1099 365 1330 423 ἐπίδειξιν,
1362 367 1536 428 [ᾄδων]

373 452 652 511 Στησιχόρου
681 451 790 511 πρὸς
821 451 903 504 τὴν
932 449 1084 509 λύραν,
1114 448 1320 509 οἰνοχόην
1350 453 1544 513 ἔκλεψεν.

349 568 583 610 Scholiasta
616 568 905 622 Aristophanis
923 569 1030 610 Nub.
1049 570 1131 610 96:
1161 564 1311 609 ἔπειτα
1341 565 1550 618 Εὔπολις,
1578 564 1619 609 εἰ
1647 567 1724 609 καὶ

236 634 307 678 δι’
336 634 497 692 ὀλίγων
533 635 743 692 ἐμνήσθη
786 634 1070 693 Σωκράτους,
1107 636 1279 692 μᾶλλον
1317 634 1346 690 ἢ
1390 635 1727 696 Ἀριστοφάνης

235 706 283 749 ἐν
312 701 436 757 ὅλαις
467 707 687 765 Νεφέλαις
717 705 858 750 αὐτοῦ
891 704 1171 765 καθήψατο·
1209 707 1338 751 οὐδὲν
1378 709 1424 752 δὲ
1449 711 1596 768 χεῖρον
1626 709 1725 752 ἐπι-

234 781 504 833 μνησθῆναι
534 779 622 820 τῶν
641 777 889 830 Εὐπόλιδος
918 779 1236 835 Δεξάμενος
1267 781 1322 822 δὲ
1352 778 1724 837 Σωκράτης-

226 848 492 906 ἔκλεψεν.
549 844 655 892 Οῗον
687 847 736 891 δ’
771 843 826 902 ἦν
856 849 965 907 ὸρᾶν
998 852 1076 893 τὸν
1107 850 1362 909 φιλόσοφον
1390 851 1441 895 τὸ
1472 852 1519 894 ἐν
1548 851 1726 910 φανερῷ

238 919 435 976 μάλιστα
468 922 619 971 σκεῦος
648 920 962 978 κατακείμενον
999 924 1244 965 κλέπτοντα
1281 924 1356 964 καὶ
1387 920 1725 981 ὑφαιρούμενον.
1785 939 1786 963 1

241 994 357 1035 Idem
402 996 454 1036 ad
496 1009 556 1036 vs.
589 997 671 1035 18⁰
711 993 755 1035 ἐκ
796 994 873 1046 τῆς
911 993 1190 1051 παλαίστρας
1220 991 1468 1049 θοὶμάτιον
1496 992 1725 1053 ὑφείλετο]

241 1057 400 1118 ὅμοιον
428 1062 488 1122 τῷ
518 1061 604 1106 ὑπὸ
635 1061 886 1115 Εὐπόλιδος
915 1066 1104 1126 ῥηθέντι
1134 1066 1232 1121 περὶ
1249 1062 1533 1120 Σωκράτους·
1562 1067 1728 1117 Στησι-

239 1131 377 1190 χόρου
409 1134 516 1190 πρὸς
545 1133 628 1186 τὴν
656 1132 794 1191 λύραν
821 1136 911 1178 κτλ.
964 1139 1147 1192 Eupolin
1177 1144 1223 1179 ut
1254 1139 1478 1192 plerosque
1508 1139 1623 1179 illius
1655 1152 1724 1178 ae-

242 1208 338 1248 tatis
369 1209 551 1248 comicos
582 1209 758 1249 multum
789 1222 942 1261 operae
981 1209 1021 1248 in
1053 1209 1306 1249 ludificando
1338 1211 1511 1250 Socrate
1540 1207 1739 1262 posuisse

244 1283 390 1318 auctor
428 1283 492 1318 est
529 1279 652 1319 etiam
693 1279 899 1319 Lucianus
939 1279 1046 1320 Pisc.
1079 1279 1149 1320 25.
1199 1275 1374 1333 ἔχαιρον
1407 1274 1731 1334 Ἀριστοφάνει

245 1348 322 1389 καὶ
350 1345 568 1389 Εὐπόλιδι
595 1344 839 1402 Σωκράτην
876 1347 949 1388 ἐπὶ
982 1345 1201 1405 χλευασίᾳ
1244 1345 1521 1405 παράγουσιν
1549 1348 1622 1389 ἐπὶ
1650 1346 1733 1400 τὴν

247 1415 438 1471 σκηνήν,
478 1419 554 1460 καὶ
582 1417 870 1475 κωμῳδοῦσιν
901 1416 1165 1467 ἀλλοκότους
1194 1417 1317 1469 τινὰς
1347 1420 1445 1472 περὶ
1476 1416 1616 1461 αὐτοῦ
1644 1434 1733 1460 κω-

245 1488 433 1548 μῳδίας.
495 1493 608 1534 Vs.l
641 1493 830 1532 lacunam
861 1496 957 1545 post
987 1487 1196 1542 ἐπίδειξιν
1225 1493 1421 1533 indicavit
1453 1494 1731 1534 Hermannus.

248 1563 449 1616 Supplevi
481 1557 616 1618 ᾄδων.
690 1563 770 1603 Th.
801 1563 1006 1616 Bergkius
1037 1565 1270 1604 Comment.
1301 1576 1343 1616 p.
1374 1562 1457 1603 355
1488 1563 1734 1604 coniiciebat

247 1631 331 1683 τὴν
360 1629 569 1684 ἐπίδειξιν
599 1627 750 1672 αὐτοῦ.
810 1634 1066 1674 Fritzschius
1099 1636 1268 1687 Quaest.
1300 1633 1515 1686 Aristoph.
1542 1633 1560 1673 Ι
1591 1647 1632 1686 p.
1650 1634 1734 1674 219

249 1703 333 1755 τὴν
362 1699 549 1756 ἐπιδέξι’
576 1698 744 1753 ε’κτιιόν,
779 1717 904 1758 quum
935 1705 1111 1745 calicem
1141 1705 1383 1745 dextrorsus
1412 1703 1620 1744 traditum
1649 1703 1736 1744 ebi-

252 1778 398 1828 bisset,
431 1776 667 1817 Stesichori
699 1776 758 1816 ad
786 1775 918 1828 lyram
947 1801 1004 1807 —
1033 1789 1108 1816 vas
1138 1777 1351 1816 vinarium
1372 1776 1550 1828 furatus
1581 1779 1659 1824 est,
1688 1777 1736 1815 ut

251 1850 358 1890 haec
397 1848 542 1889 ultima
580 1842 703 1900 παρὰ
726 1842 1019 1899 -προσδοκίαν
1057 1847 1173 1887 illata
1202 1850 1403 1900 putentur
1436 1859 1511 1898 pro
1544 1858 1594 1885 eo
1625 1845 1737 1897 quod

254 1920 346 1972 quis
376 1923 580 1971 expectet,
611 1907 689 1976 ’ᾖσε
720 1915 862 1970 μέλος.
898 1912 982 1958 Sed
1013 1914 1095 1966 τὴν
1124 1913 1334 1968 ἐπίδειξιν
1364 1914 1588 1967 δέξασθαι
1619 1919 1737 1956 recte

255 1990 337 2030 dici
375 1994 514 2042 potest
553 1991 623 2042 qui
662 1994 833 2042 rogatus
873 1990 970 2029 artis
1009 2001 1110 2029 suae
1149 1991 1361 2042 specimen
1401 1988 1527 2027 edere
1557 1987 1738 2026 oblatam

255 2061 542 2101 condicionem
573 2059 736 2112 accipit.
781 2083 837 2090 —
880 2060 952 2100 Va.
984 2060 1011 2099 2
1052 2061 1178 2099 verba
1219 2055 1328 2113 πρὸς
1357 2052 1496 2111 λύραν
1526 2069 1576 2097 ex
1605 2056 1739 2096 altero

255 2131 506 2172 scholiastae
535 2131 628 2170 loco
662 2132 941 2168 accesserunt.
990 2128 1056 2168 Ad
1087 2134 1264 2169 metrum
1296 2129 1408 2181 quod
1439 2128 1600 2176 attinet,
1631 2127 1741 2167 eius-

257 2202 352 2244 dem
382 2201 539 2242 moduli
570 2201 759 2242 versibus
797 2211 896 2239 usus
937 2203 1002 2238 est
1031 2200 1209 2252 Eupolis
1248 2201 1290 2239 in
1322 2199 1512 2253 parabasi
1541 2197 1740 2238 Adulato-

255 2285 348 2314 rum
379 2286 419 2325 p.
453 2271 552 2312 485.
586 2273 702 2324 Quae
731 2283 800 2309 res
832 2271 959 2310 movit
990 2270 1071 2311 Th.
1103 2271 1328 2323 Bergidum
1369 2274 1414 2311 ut
1443 2271 1523 2310 hoc
1552 2272 1740 2309 nostrum

256 2343 537 2396 fragmentum
568 2343 620 2383 ad
651 2342 825 2382 eandem
864 2340 1047 2382 fabulam
1085 2346 1301 2382 revocaret
1342 2345 1384 2381 et
1414 2354 1464 2382 ex
1495 2340 1642 2392 eadem
1670 2339 1744 2378 illa

256 2414 446 2467 parabasi
476 2414 653 2466 petitum
686 2425 779 2452 esse
818 2416 1034 2453 statueret.
1095 2414 1213 2453 Haec
1241 2413 1446 2453 sententia
1475 2411 1606 2451 multo
1637 2409 1740 2449 mihi

256 2485 422 2524 videtur
454 2497 545 2524 esse
575 2483 832 2536 probabilior
871 2495 919 2521 ea
950 2496 1071 2534 quam
1104 2484 1359 2524 Fritzschius
1392 2481 1630 2535 proposuit,
1673 2479 1743 2530 qui

259 2567 385 2607 quum
419 2556 614 2607 „penitus
646 2552 948 2593 intellexisset’2
987 2566 1130 2593 omnes
1161 2554 1342 2604 reliquas
1374 2551 1592 2604 Eupolidis
1621 2549 1743 2589 fabu-

258 2626 320 2665 las
358 2631 527 2677 praeter
563 2627 714 2678 Baptas
755 2640 778 2665 a
810 2627 982 2666 Socrate
1020 2624 1271 2676 philosopho
1314 2622 1555 2675 longissime
1593 2620 1743 2659 abhor-

258 2709 377 2745 rere,
417 2699 460 2735 et
494 2696 575 2735 hoc
614 2702 656 2736 et
700 2701 840 2737 cetera
876 2694 1134 2747 fragmenta,
1175 2707 1281 2746 quae
1318 2693 1369 2732 ad
1401 2693 1616 2733 Socratem
1647 2702 1742 2743 spe·

262 2770 388 2817 etant,
418 2767 562 2819 Baptis
594 2768 793 2808 vindicari
825 2767 968 2807 voluit.
