1786 3210
268 175 326 217 76
495 206 499 209 -
876 164 1092 210 CRATIN
1096 165 1114 207 1

273 283 404 329 ἔνδον
427 279 642 342 βρὺτινην
670 279 830 325 νίθειν-
851 274 967 323 τινά.
1005 291 1008 293 ·
1036 280 1118 334 Qui
1163 280 1199 320 si
1234 282 1350 323 recte
1382 277 1628 321 emendatus
1654 278 1775 334 legi-·-

227 344 230 347 ¹
270 363 341 400 tur
386 356 497 412 apud
546 358 790 403 Musurum,
842 346 1039 407 άμοργός
1081 351 1135 392 de
1187 351 1274 392 lino
1320 350 1642 405 intelligendum
1681 355 1761 394 est.

271 430 496 472 Pausanias
527 427 636 481 apud
665 424 859 467 Eustath.
873 424 943 465 ad
974 423 1146 476 Dionys.
1175 422 1343 477 Perieg.
1370 422 1479 464 525.
1505 417 1760 478 Ἀμοργός·
1776 433 1786 470 ε

270 494 428 556 ὅμοιον
463 494 847 553 βύσσω.1ῑαιιιιθ
885 508 1033 537 sensus
1072 498 1208 536 esset·
1261 496 1380 536 intus
1420 494 1611 550 aliquam
1658 471 1786 580 nere}

270 574 402 615 linum
431 571 655 625 byssinum,
685 568 774 609 sive
803 567 924 608 malis
956 567 1260 621 bombycinum.
1326 567 1413 608 Sed
1443 580 1596 609 vereor
1625 580 1680 610 ne
1707 567 1786 609 il-1:

268 645 343 687 lud
371 636 566 696 άμοργὸς
595 639 827 680 Pausaniae
853 652 904 680 ex
934 632 1123 692 άμοργὶς
1153 642 1397 692 corruptum
1437 639 1515 691 sit3
1560 643 1604 682 et
1633 644 1784 695 aegre?

271 728 401 769 neges
443 714 477 754 si
517 710 743 752 contuleris
773 710 1143 764 grammaticorum
1182 709 1423 751 testimonia
1459 711 1572 764 apud
1600 703 1784 762 Barke-'1

267 799 361 828 rum
391 784 443 824 ad
473 783 657 837 Etymol.
687 781 751 823 M.
781 795 824 835 Ρ.
854 781 940 821 732
970 794 1061 834 sqq.
1130 781 1281 834 Neque
1317 780 1591 835 intelligitur,
1628 783 1665 823 si
1707 778 1785 824 ‹le-2

267 859 392 912 bysso
423 856 562 910 agitur
588 854 633 895 in
663 853 822 894 Cratini
851 854 970 904 loco,
1001 866 1083 907 quo
1115 866 1242 895 sensu
1268 853 1453 894 comicus
1482 853 1542 894 ita
1571 853 1626 895 ad
1655 845 1783 910 fieb-³

265 938 392 969 τινον
419 921 545 980 πόμα
576 924 768 966 allusisse
799 924 962 966 dicatur
990 939 1014 967 a
1053 924 1504 992 glossographo.1ta
1544 925 1657 966 enim
1698 925 1762 967 le-
1775 948 1782 991 5

266 1001 379 1056 gitur
405 999 449 1040 in
479 997 639 1047 codice,
669 1009 753 1037 non
784 998 897 1049 quod
928 998 1132 1039 Musurus
1162 1001 1326 1038 temere
1355 996 1512 1037 invexit
1540 991 1760 1051 πήνισμοε.
1772 1004 1780 1063 ξ

267 1057 364 1127 lpse
401 1069 639 1124 Hesychius
679 1067 821 1122 paullo
859 1068 994 1119 infra,
1033 1062 1264 1125 Βρυττόν;
1303 1065 1395 1108 πᾶν
1428 1063 1487 1110 τὸ
1516 1065 1563 1109 ἐκ
1592 1065 1779 1139 τρυφῆςῷἒ

267 1137 421 1185 ποτόν.
487 1143 605 1193 Quae
643 1140 703 1180 ita
733 1140 921 1193 corrigo,
959 1137 1162 1195 Βρῦτον·
1204 1136 1299 1179 πᾶν
1327 1134 1379 1179 τὸ
1408 1137 1455 1180 ἐκ
1485 1134 1647 1195 τρύγης
1675 1147 1778 1181 nom

266 1210 356 1255 τόν.
415 1214 621 1255 Aretaeus
652 1211 833 1265 Capp.1
865 1213 891 1251 9
922 1225 964 1265 p.
995 1213 1023 1252 8
1053 1207 1104 1251 τὸ
1134 1223 1222 1250 των
1253 1209 1451 1266 βρυτέων
1480 1225 1615 1266 πωμα
1646 1225 1762 1254 com-

266 1287 482 1328 memorat.
551 1283 736 1324 Galenus
764 1283 847 1324 vol.
881 1283 939 1325 Vl
969 1297 1010 1336 p.
1042 1283 1128 1324 342
1169 1283 1314 1325 Chart.
1353 1279 1405 1323 τὸ
1443 1277 1528 1338 γάρ
1566 1295 1639 1323 τοι
1673 1289 1764 1323 των

241 1400 244 1403 ,
267 1351 461 1413 βρυτίων
490 1350 757 1410 άπόβρεγμα
787 1348 927 1410 τρύγα
956 1351 1187 1405 καλοῦσιν,
1220 1346 1328 1411 ὅπερ
1357 1342 1417 1394 αὗ
1445 1349 1584 1395 πάλιν
1613 1353 1658 1396 οἱ
1685 1350 1764 1396 α’τ·

265 1425 498 1478 τικίζοντες
526 1420 795 1480 ὀνομάζουσι
826 1420 1070 1480 δευτερίαν.
1139 1426 1286 1480 Itaque
1327 1427 1546 1480 probabile
1583 1431 1649 1469 ent
1678 1436 1772 1479 non„

268 1501 322 1542 de
358 1503 476 1542 veste
515 1500 664 1552 aliqua,
703 1498 779 1540 sed
822 1497 875 1538 de
905 1501 1008 1550 potu
1040 1498 1106 1552 agi
1145 1497 1188 1540 in
1219 1498 1380 1541 Cratini
1407 1499 1518 1541 loco.
1576 1499 1772 1542 Proinde:

267 1573 409 1617 neseio
439 1583 491 1613 an
521 1583 670 1612 versus
699 1570 756 1610 ita
786 1568 1033 1610 scribendus
1064 1569 1139 1612 sit:

513 1637 743 1696 ’Ἄμοργιν
773 1635 903 1681 ἔνδον
933 1635 1148 1695 βρυτίνην
1174 1633 1313 1691 ἧθεῖν
1342 1652 1456 1684 τινα.

263 1710 470 1771 Ἀμόρὶή
513 1716 601 1755 sive
633 1708 819 1767 ἄμοργις
857 1726 1033 1753 amurca
1062 1713 1235 1767 proprie
1266 1713 1320 1754 de
1348 1712 1519 1766 aquatili
1556 1711 1761 1756 olivarum

267 1788 444 1829 humore
475 1787 642 1836 dicitur,
671 1800 708 1827 v.
742 1784 1048 1826 Schneiderum
1078 1784 1132 1826 ad
1162 1786 1310 1827 Caton.
1341 1785 1394 1825 R.
1426 1785 1479 1826 R.
1510 1785 1566 1826 99
1595 1798 1638 1839 Ρ.
1661 1784 1760 1828 1512.

270 1860 387 1902 Idem
416 1872 568 1900 nomen
599 1858 651 1898 ad
681 1857 765 1898 vini
793 1855 958 1897 faecem
988 1855 1119 1898 fuisse
1149 1856 1395 1898 translatum
1425 1856 1550 1898 docet
1574 1857 1761 1912 Etymol.

268 1932 331 1974 M.
362 1946 403 1985 Ρ.
434 1932 516 1972 129
551 1931 627 1971 13:
667 1917 841 1983 ἂμόργη
880 1925 926 1968 ἐκ
967 1925 1047 1967 τοῦ
1082 1921 1259 1983 άμέργω
1304 1923 1488 1980 γίνεται.
1548 1923 1762 1983 σημαίνει

269 1999 318 2042 δὲ
359 1997 459 2052 δύο,
499 1998 582 2052 τὴν
621 1994 931 2055 ὑποστάθμην
966 1996 1048 2040 τοῦ
1083 1995 1237 2041 ἐλαίου
1277 1999 1354 2041 καὶ
1391 1995 1473 2051 τὴν
1511 1995 1652 2056 τρύγα
1680 1996 1761 2042 τοῦ

268 2070 405 2114 oivov.
472 2074 562 2114 Nec
601 2074 744 2114 dubito
783 2072 881 2126 quin
920 2072 973 2113 de
1011 2073 1194 2114 cuiusvis
1232 2073 1402 2127 generis
1431 2072 1666 2114 sedimento
1696 2071 1760 2114 ‹11-

270 2149 381 2188 ctum
411 2145 552 2186 fuerit.
613 2147 758 2198 Itaque
789 2139 991 2198 ἁμόργην
1021 2140 1235 2200 βρυτίνην
1264 2144 1519 2186 ludibundus
1550 2147 1678 2197 poeta
1706 2142 1734 2185 d

269 2218 416 2273 pingui
460 2221 503 2257 et
545 2230 684 2258 crasso
731 2217 933 2257 hordaoei
976 2220 1103 2270 potus
1150 2216 1330 2259 humore
1381 2216 1536 2257 dixisse
1579 2215 1756 2258 videtur.

269 2290 395 2331 Hunc
423 2289 552 2342 igitur
582 2293 725 2344 potum
757 2288 899 2329 nescio
932 2288 1023 2341 quis
1061 2289 1250 2343 eliquare
1288 2300 1364 2330 seu
1395 2286 1615 2342 percolare
1640 2286 1755 2329 iube-

269 2366 352 2406 tur.
423 2361 555 2404 Plane
592 2362 702 2402 enim
743 2374 827 2403 non
867 2359 1011 2401 dubito
1044 2361 1155 2414 -quin
1211 2354 1349 2411 ἠθεῖν
1396 2358 1665 2400 scribendum
1707 2357 1755 2400 sl!

271 2446 347 2487 pro
386 2433 541 2473 codicis
585 2432 768 2475 lectione
810 2427 979 2474 νίθειν.
1059 2433 1122 2473 Ita
1167 2437 1214 2473 ut
1250 2432 1331 2473 alia
1368 2431 1530 2472 mittam
1567 2430 1752 2498 Geqpou.

270 2504 412 2547 XVIII
458 2504 533 2544 18:
579 2498 753 2558 άμόργη
801 2498 966 2552 ἄναλος
1010 2500 1259 2552 διηθεῖται.
1332 2503 1395 2544 Ae
1433 2516 1487 2544 ne
1533 2501 1588 2543 de
1624 2501 1751 2544 formu

272 2567 457 2629 ἅμοργὲς
494 2574 682 2626 dubites,
724 2575 912 2617 disertim
956 2589 1047 2616 eam
1089 2577 1389 2616 commemorat
1428 2572 1635 2616 Arcadius
1671 2573 1749 2615 slve

273 2646 413 2700 potius
449 2647 715 2688 Herodianus
754 2648 808 2688 de
846 2648 945 2689 Acc.
986 2661 1028 2701 p.
1057 2648 1113 2689 29
1143 2648 1225 2688 22:
1265 2642 1331 2687 ἔτι
1359 2640 1416 2686 τά
1454 2637 1515 2693 εἰς
1549 2636 1591 2691 ξ
1624 2641 1748 2686 πολυῡ

274 2711 480 2769 σύλλαβα
507 2711 763 2770 (ὀξύνεται),
796 2717 1036 2774 στρατηγὶς
1066 2713 1283 2774 ἁλουργὶς.
1332 2713 1383 2759 τὸ
1414 2713 1462 2756 δὲ
1492 2710 1524 2756 ἄ
1535 2729 1643 2772 μορ
1654 2730 1738 2771 γις

272 2783 302 2842 ἡ
333 2781 621 2842 ὑποστάθμη,
653 2786 906 2847 βαρύνεται.
966 2792 1114 2835 Suidas
1147 2793 1165 2835 1
1195 2806 1237 2848 Ρ.
1271 2791 1368 2834 142.
1411 2783 1652 2847 Ἀμοργίςτ
1678 2799 1745 2840 ,κυ-
