1786 3210
610 828 675 883 ‘M
721 828 782 883 Y
824 829 885 884 R
929 827 984 883 Τ
1025 828 1056 883 l
1098 829 1152 884 L
1203 827 1259 884 U
1303 827 1371 884 S.

734 940 867 992 (nist.
899 941 991 981 crit.
1024 940 1200 993 p.100.)

556 1231 1320 1276 ΤΙΤΑΝοΠΑΝΕΣ.
1373 1237 1414 1287 *)

972 1370 1003 1412 1.

352 1485 600 1527 Aristoteles
633 1483 731 1525 Eth.
763 1484 858 1526 Nic.
891 1485 948 1527 lV
977 1486 1018 1527 2.
1057 1485 1110 1526 de
1139 1484 1293 1538 ineptis
1322 1482 1555 1524 divitiarum
1585 1484 1725 1522 osten-

238 1557 441 1596 tatoribus
472 1556 705 1596 disserens:
737 1545 834 1594 οἷον
863 1552 1096 1610 ἐρανιστάς
1119 1551 1312 1608 γαμικῶς
1341 1550 1509 1603 ἑστιῶν,
1537 1551 1613 1592 καὶ
1643 1564 1724 1590 κω-

237 1623 404 1683 μῳδοῖς
430 1624 632 1682 χορηγῶν
661 1623 709 1665 ἐν
738 1622 792 1683 τῇ
821 1620 1005 1682 παρόδῳ
1034 1620 1271 1681 πορφύραν
1300 1619 1536 1679 εἰσφέρων,
1578 1614 1726 1678 ὥσπερ

238 1697 281 1738 οἱ
302 1697 536 1754 Μεγαρεῖς.
567 1698 631 1739 Ad
663 1710 770 1750 quae
792 1698 989 1751 Aspasius
1020 1698 1126 1738 haec
1154 1698 1306 1738 habet:
1337 1691 1535 1746 σύνηθες
1564 1692 1612 1735 ἐν
1641 1707 1725 1734 κω·
1783 1725 1786 1751 3

237 1767 388 1826 μῳδίᾳ
409 1764 801 1826 παραπιτάσματα
826 1766 988 1824 δέρρεις
1010 1767 1166 1819 ποιεῖν,
1197 1762 1250 1808 οὐ
1267 1764 1560 1822 πορφυρίδας.
1593 1764 1723 1820 Μυρ-
1782 1753 1783 1757 ¹

236 1839 355 1889 τέλος
384 1839 431 1881 ἐν
466 1835 764 1881 Τιτανὸπαισι
794 1840 914 1893 (sic)
946 1834 1019 1891 τό,
1059 1837 1252 1890 Δεινῆς
1291 1833 1512 1886 ἀκούεις
1546 1830 1724 1891 Ἠρά-

237 1911 395 1962 κλεις.
455 1911 732 1952 τουτέστι
775 1925 862 1952 σοι
892 1909 954 1952 τὸ
986 1910 1215 1966 σκῶμμα
1245 1908 1470 1964 ἀσελγὲς
1507 1908 1600 1950 καὶ
1628 1921 1723 1962 με-

238 1979 506 2038 γαρικόν,
559 1983 656 2024 καὶ
703 1979 925 2039 σφόδρα
970 1981 1182 2038 ψυχρὸν
1232 1980 1420 2039 γελᾷς,
1478 1975 1611 2037 ὁρᾷς
1661 1975 1721 2019 τὰ

239 2052 461 2097 παιδία.
523 2051 813 2109 διασύρονται
851 2053 935 2111 γάρ
974 2054 1017 2095 οἱ
1056 2055 1277 2109 Μεγαρεῖς
1316 2053 1363 2094 ἐν
1405 2050 1459 2111 τῇ
1499 2047 1722 2108 κωμῳδίᾳ.

238 2127 459 2179 Reliquam
489 2127 570 2167 loci
599 2132 760 2180 partem
791 2127 884 2167 vide
915 2140 1039 2180 supra
1069 2141 1109 2180 p.
1144 2128 1210 2167 12.
1280 2127 1326 2167 In
1366 2127 1432 2166 his
1470 2137 1576 2176 quae
1606 2124 1723 2176 Myr-

240 2199 316 2238 tilo
356 2198 618 2246 tribuuntur,
671 2197 891 2250 Eupolidis
932 2210 1077 2238 versus
1116 2211 1210 2238 esse
1255 2211 1305 2237 ex
1342 2196 1470 2238 schol.
1511 2193 1723 2246 Aristoph.

241 2269 369 2322 Vesp.
400 2268 456 2308 57
488 2269 749 2322 intelligitur,
782 2269 892 2320 quod
923 2270 1050 2309 verbo
1081 2269 1255 2309 indicavi
1286 2270 1337 2310 ad
1370 2269 1546 2310 Philem.
1562 2281 1603 2322 p.
1625 2267 1723 2307 382.

242 2339 318 2381 Cfr
365 2340 620 2380 Fritzschius
659 2340 774 2381 Actis
813 2340 907 2380 Soc.
947 2353 1009 2394 gr.
1042 2340 1059 2380 1
1089 2354 1130 2393 p.
1165 2342 1259 2382 130.
1327 2341 1487 2394 Myrtili
1526 2337 1724 2379 memoria
1770 2323 1774 2331 ‚

241 2410 364 2451 unice
406 2410 458 2450 ad
504 2410 783 2463 importunam
830 2424 1138 2463 purpureorum
1176 2412 1364 2451 velorum
1403 2411 1723 2452 ostentationem

240 2485 414 2534 spectat,
446 2481 594 2533 quibus
612 2482 884 2533 Megarenses
917 2482 1072 2521 aditum
1105 2483 1145 2522 in
1176 2495 1340 2522 scenam
1373 2483 1437 2522 vel
1468 2482 1723 2522 orchestram

242 2553 465 2602 ornabant,
510 2552 836 2592 Atheniensibus
878 2553 917 2591 in
962 2551 1191 2592 ciliciorum
1231 2566 1308 2592 usu
1349 2551 1721 2604 acquiescentibus.

241 2622 403 2663 Eodem
434 2615 624 2676 spectare
655 2623 821 2663 videtur
842 2623 981 2676 glossa
997 2623 1212 2675 Hesychii‚
1245 2619 1719 2676 Λερριὸόγομφοιε

241 2687 377 2732 πύλαι
407 2691 568 2746 δέρρεις
598 2690 778 2747 ε”χουόαι
807 2688 1208 2746 παραπετάσματα.

332 2839 361 2882 ’)
386 2840 426 2873 V.
454 2840 542 2874 [list.
567 2841 642 2874 crit.
669 2854 702 2886 p.
729 2841 808 2876 100.
