1786 3210
253 173 339 231 '544
585 229 589 233 ,
837 185 1142 229 ΕυΡοιιυῐε

253 296 451 356 κραυγὴν
486 294 748 356 κεκράξεται.
819 299 880 341 Ita
918 301 1028 343 enim
1068 301 1199 342 fuisse
1241 301 1310 354 qul
1350 303 1601 357 scriberent,
1641 306 1733 349 aliis

253 368 419 426 κραγὸν
455 371 500 413 h.
532 385 570 413 e.
608 368 937 426 κραυγαστικῶς
979 373 1272 426 probantibus,
1321 374 1445 415 docet
1485 377 1734 419 scholiastae

254 431 490 487 adnotatio:
526 437 831 496 Ἀρίσταρχος
869 437 1086 493 ὀξυτόνως
1129 438 1231 482 ἀντὶ
1268 442 1348 484 τοῦ
1392 445 1734 498 κραυγαστικῶς.

253 514 329 556 καὶ
361 509 651 568 Ἠρωδιανὸς
687 511 734 552 ἐν
769 507 957 571 Ἀττικῇ
987 510 1232 570 προσῳδίᾳ.
1299 517 1529 557 Herodiani
1566 523 1733 560 senten·

253 587 351 628 tiam
383 585 585 628 Arcadiut
615 598 656 638 p.
673 585 729 624 47
760 585 787 624 3
818 585 875 626 ita
904 586 1112 626 reddidit:
1142 583 1198 625 τὰ
1229 583 1303 626 διὰ
1332 585 1412 627 τοῦ
1441 601 1548 641 αγος
1577 585 1734 644 §estpot-

249 670 329 711 χεα
359 651 618 707 gnte-eund,
649 654 724 695 καὶ
746 651 809 710 μὴ
840 650 1026 707 ἐθνικοὶ,
1069 652 1331 711 βαρύνεται,
1363 654 1527 714 φαγός,
1559 657 1733 714 κραγός.

252 724 304 768 τὸ
336 725 382 767 δὲ
410 722 568 782 κράγος
599 722 623 767 ὁ
654 724 974 781 κραυγαστικὸς
1005 723 1256 782 βαρύνεται.
1320 732 1437 782 Quae
1466 731 1643 774 fortasse
1673 733 1733 775 sio

251 800 470 842 scribenda
500 803 620 839 sunt:
650 797 726 838 καὶ
752 794 815 852 μὴ
846 793 1030 851 ἐθνικοί,
1062 794 1285 854 ὀξύνεται,
1313 797 1475 857 φαγὸς,
1505 798 1677 858 κραγός,
1708 796 1732 844 ὁ

251 864 586 927 κραυγαστικός.
615 865 668 909 τὸ
702 866 748 909 δὲ
778 865 949 926 κράγος,
980 867 1007 920 ἡ
1038 867 1219 925 κραυγή,
1252 867 1505 929 βαρύνεται.
1563 875 1732 917 Leviter

250 944 352 984 item
399 946 620 995 corruptus
666 946 729 982 est
778 942 1037 996 Hesychius,
1091 939 1303 999 Κραγόνε
1357 939 1564 1000 κραυγήν.
1646 946 1732 989 Sed

250 1018 368 1056 recte
398 1012 524 1063 idem,
557 1008 761 1068 Κράγονε
794 1009 959 1067 βόημα.

915 1137 1069 1179 XVlll.

364 1224 596 1264 Scholiasta
627 1222 838 1275 Aristoph.
871 1221 976 1262 Ran.
1010 1223 1142 1262 10682
1174 1218 1404 1274 διαβάλλει
1433 1219 1512 1262 τὸν
1542 1222 1734 1264 ΙῙαντα-

248 1291 354 1335 κλέα
392 1291 452 1342 ὠς
495 1288 662 1347 ἀμαθῆ
702 1289 749 1331 ἐν
787 1288 849 1348 τῷ
888 1286 1169 1341 ὁπλίζεσθαι.
1227 1290 1450 1346 μέμνηται
1489 1291 1536 1335 δὲ
1573 1291 1734 1337 τούτου

249 1364 326 1407 καὶ
357 1361 553 1412 Εὔπολις
585 1361 750 1421 Χρυσῷ
780 1362 892 1416 γένει
920 1361 1286 1413 ΙΙαντακλεής
1315 1361 1521 1415 σκαιός.

942 1489 1056 1530 XIX.

365 1574 683 1615 Choeroboscus
714 1575 845 1614 Bekk.
876 1574 1036 1614 Anecd.
1068 1587 1107 1626 p.
1144 1575 1255 1614 1290
1289 1574 1376 1614 sive
1415 1575 1524 1627 apud
1558 1576 1728 1616 Crame-

249 1659 343 1686 rum
373 1645 530 1686 Anecd.
564 1646 619 1687 1V
651 1659 691 1698 p.
724 1645 830 1685 420:
870 1643 1132 1697 σημειοῦται
1159 1642 1210 1684 τὸ
1240 1642 1367 1698 ἐκχεῶ
1398 1643 1600 1700 δευτέρου
1627 1645 1728 1699 μέλ-

249 1714 424 1767 λοντος,
470 1707 567 1755 οἷον
608 1714 683 1755 καὶ
728 1711 780 1754 τὸ
824 1714 1077 1766 κατακλιεῖς
1113 1717 1228 1768 (sic)
1276 1713 1384 1771 παρ’
1427 1711 1644 1766 Εὐπόλιδι
1683 1715 1731 1758 ἐν

250 1785 418 1844 Χρυσῷ
447 1786 579 1839 γένει,
611 1777 709 1826 οἷον
737 1779 804 1826 Εἰ
837 1782 909 1839 μή
949 1802 1032 1836 τις
1073 1783 1245 1836 αὐτὴν
1285 1786 1597 1830 κατακλιεῐ.·
1645 1791 1730 1830 Ex-

250 1865 393 1913 cerpta
424 1859 544 1900 Bodl.
576 1859 686 1912 apud
715 1860 854 1915 Cram.
886 1859 913 1899 1.
945 1859 972 1899 1.
1014 1873 1054 1911 p.
1086 1859 1169 1899 195
1200 1860 1277 1900 28:
1312 1855 1458 1908 κλείω,
1490 1855 1514 1899 ὁ
1545 1859 1580 1912 β
1603 1855 1730 1915 ἀόρι-

249 1943 354 1978 στος
384 1926 528 1970 ἔκλιον
568 1926 643 1969 διὰ
674 1927 752 1968 τοῦ
791 1929 818 1969 ι’
845 1923 902 1977 ὥς
940 1925 1119 1970 ἕπιθον.
1161 1957 1215 1963 —
1250 1925 1309 1978 ὠς
1349 1927 1400 1970 τὸ
1437 1924 1504 1970 Εἰ
1539 1926 1611 1984 μή
1649 1945 1730 1979 τις

249 1998 431 2051 αὐτὴν
469 1998 785 2049 κατακλιεῖ,
833 1996 943 2054 παρ’
988 1995 1206 2040 Εὐπόλιδι
1246 1997 1347 2041 ἀντὶ
1386 2000 1465 2041 τοῦ
1491 1996 1727 2055 domums.
1785 1997 1786 2000 ¹

247 2074 312 2115 De
352 2074 434 2114 hoc
472 2073 616 2113 futuro
658 2073 881 2124 disputavit
913 2074 1207 2112 Buttmannum
1241 2074 1422 2113 Gramm.
1452 2086 1515 2126 gr.
1553 2074 1677 2126 ampl.
1710 2073 1729 2113 Ι

247 2159 289 2199 p.
320 2146 416 2185 396.
477 2145 624 2196 Neque
661 2143 799 2183 imiter
843 2143 1118 2184 Fritzschium
1150 2146 1318 2195 Quaest.
1357 2145 1484 2185 Arist.
1516 2144 1535 2184 l
1571 2158 1613 2196 p.
1645 2144 1728 2184 146

244 2213 500 2256 κατακλινεῖ
518 2215 698 2267 Eupolin
730 2215 944 2267 scripsisse
974 2215 1277 2266 suspicantem,
1309 2228 1414 2267 quae
1444 2227 1590 2268 parum
1621 2211 1732 2255 veri·⁴
1784 2211 1786 2262 j

248 2287 394 2329 similis
425 2287 663 2327 coniectura
693 2291 769 2326 est.
840 2286 994 2326 Similis
1035 2286 1165 2325 futuri
1195 2285 1329 2326 forma
1361 2291 1423 2327 est
1452 2282 1613 2324 ὃανειῶ
1641 2287 1729 2327 sive

250 2355 390 2398 ὃανιῶ
420 2372 443 2398 a
475 2353 670 2408 δανείζω,
706 2357 757 2397 de
789 2369 868 2409 qua
898 2362 995 2397 nota
1024 2362 1120 2396 sunt
1150 2370 1255 2410 quae
1285 2358 1454 2397 tradidit
1484 2358 1728 2398 Photiusv.

247 2426 390 2484 θεριῶ
422 2434 464 2470 et
495 2428 796 2469 Grammaticus
834 2428 941 2480 apud
975 2429 1157 2468 Bastium
1189 2429 1240 2468 ad
1271 2430 1397 2481 Greg.
1429 2430 1525 2470 Cor.
1557 2440 1598 2479 p.
1630 2426 1727 2466 174.

248 2503 353 2543 Cum
384 2505 523 2541 autem
552 2500 677 2540 Attici
709 2513 790 2540 non
820 2494 945 2537 κλείω
977 2499 1154 2539 dixerint
1184 2501 1258 2540 sed
1287 2495 1423 2556 κλῄω,
1458 2513 1482 2540 a
1512 2511 1592 2550 quo
1622 2493 1728 2536 κλιιῦ

246 2572 418 2613 formari
449 2585 530 2612 non
561 2571 717 2623 potuit,
757 2570 868 2610 haud
906 2570 1073 2622 inepte,
1111 2572 1280 2623 opinor,
1320 2572 1423 2611 illud
1453 2564 1673 2609 κατακλιῶ
1702 2581 1727 2608 a

245 2644 421 2684 barbaro
463 2642 601 2694 aliquo
642 2642 684 2681 in
712 2640 929 2694 Eupolidis
970 2641 1110 2681 sabula
1150 2642 1305 2682 dictum
1344 2642 1474 2682 fuisse
1517 2639 1723 2680 coniicias.

246 2714 313 2756 Ad
342 2707 486 2761 αὐτὴν
516 2713 791 2766 supplendum
823 2726 915 2752 esse
946 2706 1122 2765 θύραν,
1161 2713 1344 2754 indicare
1382 2713 1548 2754 videtur
1579 2712 1726 2752 Gram-

246 2788 344 2826 mat.
375 2783 590 2826 Bodleiani
622 2784 838 2837 explicatio
870 2777 1093 2838 ἆσᾳαλιεῖ.
