1786 3210
230 156 286 197 50
836 139 1074 185 CRATINI

229 261 346 308 διότι
373 260 434 306 τὰ
462 259 647 304 πλεῖστα
678 270 767 299 των
798 251 1039 307 Ἀθήνησι
1082 246 1334 308 βαλανείων
1361 247 1595 304 κυκλοειδῆ
1622 253 1721 302 ταῖς

229 334 522 381 κατασκεῑαῖς
554 328 668 372 ὅντα
698 322 807 377 τοὺς
830 323 1075 382 ἐξαγωγοὺς
1112 326 1304 380 (vaporis
1345 325 1558 365 emissaria
1589 324 1722 378 dicit)

232 407 348 465 ἔχει
362 404 474 449 κατὰ
512 403 670 458 μέσον,
711 396 782 456 ἐφ
829 399 883 440 οὑ
917 396 1109 453 χαλκοῦς
1153 393 1358 451 ὀιιφαλὸς
1397 392 1588 437 ἔπεστιν.
1644 398 1722 438 ‘Ex

231 483 298 525 his
330 484 521 534 apertum
552 480 614 516 est
645 474 794 514 balnea
833 473 906 511 illa
943 472 986 511 in
1018 472 1244 511 alvearium
1283 470 1460 510 solmam
1490 469 1624 510 fuisse
1652 481 1724 509 or-

230 553 411 597 biculata
443 555 485 588 et
515 558 697 599 superne
728 545 771 583 in
801 543 938 583 media.
968 546 1087 595 parte
1117 543 1314 582 habuisse
1346 541 1560 581 emissaria
1590 551 1723 581 aeneo

232 624 427 667 umbilico
475 622 545 659 aut
585 614 815 655 claudenda
861 619 931 653 aut
981 613 1221 666 aperienda.
1289 613 1450 663 Quibus
1499 613 1638 654 verbis
1679 611 1724 652 id

231 698 367 749 ipsum
399 689 647 731 describitur
677 685 785 738 quod
816 678 965 723 θόλον
995 683 1146 723 Graeci
1178 677 1392 723 vocabant.
1464 685 1553 724 lam
1597 685 1723 724 etiam

232 764 478 816 intelligitur
514 758 748 813 phialarum
788 756 954 795 illarum
994 755 1198 794 umbones
1236 757 1354 792 recte
1393 754 1444 792 ab
1483 754 1644 806 Apione
1683 757 1726 794 et

231 836 415 879 Diodoro
456 833 498 872 in
538 829 687 883 glossis
731 827 963 880 comparari
1003 839 1096 866 cum
1136 826 1227 865 colo
1268 837 1344 865 seu
1384 838 1523 865 camo:
1562 822 1729 879 φιαλαὶ

233 902 374 954 ποιαί,
402 894 466 943 ὦν
497 896 520 941 ὁ
551 896 757 954 ὀμφαλός
787 892 1102 952 παραπλήσιος
1132 891 1284 952 ἠθμῷ,
1320 898 1449 937 Cuius
1481 897 1588 937 cami
1618 908 1726 950 quae

232 979 369 1021 forma
405 974 534 1016 fuerit
571 971 820 1023 intelligitur
860 983 910 1010 ex
940 969 1073 1010 schol.
1116 968 1332 1022 Aristoph.
1365 969 1492 1021 Vesp.
1525 968 1605 1008 99:
1644 979 1728 1016 κη-

233 1046 320 1105 μὸς
357 1046 454 1088 καλ
447 1046 554 1086 ἴται
591 1041 641 1083 τὸ
682 1042 774 1089 τοῖς
818 1037 1047 1089 καδίσκοις
1091 1038 1408 1093 ἐπιτιθέμενον
1449 1066 1505 1072 --
1545 1034 1640 1079 ἔστι
1678 1035 1726 1078 δὲ

234 1121 406 1174 πλέφμα
436 1132 481 1158 τι
511 1113 718 1156 δικτυωὸε
706 1129 743 1162 ς
773 1113 848 1153 καὶ
878 1109 1110 1166 ἠθμωδες,
1149 1107 1367 1151 α’νωθεν
1397 1105 1604 1162 πλατύ,
1633 1105 1729 1150 κοξ-

234 1191 358 1234 τωθ
370 1203 425 1230 εν
465 1183 677 1229 στενόν,
750 1188 915 1226 Hoium
947 1186 1074 1238 igitur
1105 1185 1318 1224 tholorum
1348 1183 1533 1236 speciem
1562 1181 1727 1222 refere-

234 1267 333 1308 bant
363 1263 529 1317 phialae
559 1260 658 1299 illae
691 1258 850 1298 Cratini
883 1250 1294 1310 βαλανειόμφαλοι,
1327 1267 1378 1294 eo
1409 1259 1549 1294 tamen
1581 1253 1728 1296 discri-

234 1337 368 1385 mine,
398 1338 445 1374 ut
475 1332 689 1372 tholorum
718 1329 942 1368 umbilicus
972 1328 1015 1367 in
1047 1328 1290 1380 superiore,
1323 1324 1557 1379 phialarum
1587 1329 1728 1366 autem

235 1408 279 1448 in
309 1405 512 1446 inferiore
541 1407 662 1455 parte
692 1401 964 1453 promineret.
1033 1399 1128 1439 Non
1157 1402 1276 1438 recte
1307 1398 1434 1450 igitur
1464 1397 1747 1457 doctissimus

237 1477 541 1531 Sapphicorum
571 1474 900 1525 fragmentorum
933 1471 1070 1510 editor
1100 1464 1374 1524 ὀμφαλωτὰς
1402 1463 1569 1524 φιάλας
1597 1468 1757 1529 inter-f.

236 1553 428 1604 pretatur
455 1548 543 1586 suis
574 1549 739 1584 stantes
770 1542 976 1582 ubom'bus
1008 1542 1060 1581 ad
1091 1543 1260 1595 Fragm.
1287 1542 1320 1582 C
1352 1555 1391 1594 p.
1423 1541 1492 1581 91.
1522 1560 1579 1566 --
1609 1541 1749 1583 Haec.-

237 1619 381 1661 multis
413 1617 563 1657 abhinc
595 1615 711 1655 annis
738 1615 1094 1667 perscripseram,
1124 1626 1251 1666 quum
1282 1625 1419 1666 nuper
1450 1612 1626 1652 eandem
1657 1625 1730 1652 ex-

237 1690 507 1745 plicationem
539 1688 622 1727 vidi
661 1690 883 1738 sequutum
926 1699 1018 1724 esse
1057 1689 1274 1726 accuratae
1314 1684 1529 1723 doctrinae
1559 1687 1602 1723 et
1630 1684 1731 1725 sub-

237 1762 322 1801 tilis
359 1759 503 1800 iudicii
540 1760 673 1798 virum
715 1758 991 1798 Letronnium
1026 1758 1068 1797 in
1102 1757 1340 1797 doctissima
1379 1754 1748 1802 commentatione:

238 1832 321 1874 Sur
349 1831 412 1871 les
441 1843 560 1870 noms
594 1831 668 1870 des
699 1842 817 1869 vases
847 1841 968 1881 grecs
999 1842 1039 1881 p.
1073 1830 1142 1878 60,
1183 1829 1254 1868 ubi
1289 1827 1475 1881 phialam
1515 1824 1732 1880 βαλανει-

239 1898 448 1958 όμφαλον
494 1889 688 1955 explicat*
714 1913 834 1950 „une
873 1899 1014 1953 phiale
1052 1914 1147 1941 sans
1188 1901 1310 1950 base,
1356 1900 1463 1940 mais
1504 1912 1606 1941 avec
1644 1912 1749 1943 une?

239 1975 564 2030 „proeminence
605 1972 840 2012 exterieure
881 1983 933 2011 au
972 1970 1098 2022 fond,
1147 1975 1191 2012 et
1225 1985 1303 2025 par
1341 1972 1625 2026 consequent,
1674 1985 1731 2015 ne

241 2049 452 2101 „pouvant
481 2058 527 2085 ae
556 2056 684 2098 poser
713 2055 795 2096 que
826 2043 928 2083 dans
957 2055 1040 2083 une
1071 2044 1268 2084 situation
1298 2046 1538 2095 renversee,
1568 2056 1618 2086 ce
1647 2057 1748 2098 que:

241 2119 332 2170 „lea
363 2117 494 2157 Grecs
533 2116 709 2156 disaient
747 2112 821 2154 ἐπὶ
861 2109 1011 2167 στόμα
1048 2111 1278 2156 τίθεσθαι
1307 2115 1414 2156 etc.''
1480 2117 1753 2159 Ceterorum?

240 2188 604 2244 grammaticorum
641 2187 734 2228 loca
763 2187 845 2228 iam
876 2188 926 2228 ab
957 2188 1162 2241 Hesychii
1201 2188 1501 2241 interpretibus
1547 2187 1731 2231 indicata

243 2265 356 2304 sunt.
389 2260 565 2309 Suidas,
595 2255 1029 2314 Βαλανειομᾳάλους
1058 2256 1137 2306 τὰς
1167 2253 1334 2314 φιάλας
1363 2257 1408 2298 οἱ
1437 2258 1624 2313 κωμικοὶ
1650 2272 1732 2301 κα·

242 2327 382 2372 λοῦσι.
454 2330 606 2372 Pollux
631 2331 690 2374 VI
722 2332 798 2371 98:
836 2325 1122 2385 μεσόμφαλοι
1161 2325 1324 2386 φιάλαι
1351 2329 1426 2371 καὶ
1457 2325 1735 2385 βαλανειόμ-

243 2400 383 2458 φαλοι
420 2398 472 2442 τὸ
510 2400 658 2456 σχῆμα
698 2398 1003 2457 προσηγορίαν
1040 2399 1202 2456 ἔχουσι.
1263 2404 1455 2456 Denique
1483 2403 1737 2446 Euanthius

246 2474 298 2514 ad
326 2474 452 2515 Hom.
480 2487 523 2528 p.
552 2474 661 2514 1261
694 2475 765 2524 27,
806 2475 877 2527 qui
916 2475 1086 2527 quidem
1129 2475 1268 2516 omnia
1305 2486 1381 2514 sua
1418 2487 1469 2514 ex
1509 2475 1749 2518 Athenaeo

247 2548 458 2586 mutuatus
487 2539 563 2586 est.
629 2546 709 2586 His
750 2546 859 2586 adde
890 2547 1119 2588 Grammat.
1148 2547 1280 2588 Bekk.
1310 2545 1470 2588 Anecd.
1500 2559 1543 2599 p.
1573 2546 1660 2588 225
1688 2548 1749 2590 6.ss

247 2610 610 2671 Βαλανόμφαλοι
659 2618 771 2671 (leg.
807 2613 1265 2673 Βαλανειόμφαλοι);
1320 2613 1400 2665 τὰς
1443 2613 1610 2671 φιάλας
1650 2614 1731 2668 τὰς

250 2680 434 2739 ἐχούσας
461 2681 694 2741 ὀμφαλοὺς
723 2683 829 2729 ἄνευ
858 2686 948 2729 τῶν
972 2685 1246 2745 προσώπων,
1274 2683 1421 2729 ὁποῖοι
1451 2687 1495 2729 οἱ
1524 2688 1611 2730 τῶν
1641 2689 1730 2745 βα·-

250 2752 437 2797 λανείων
479 2753 632 2800 θόλοι.
698 2761 783 2803 Ubi
826 2762 1014 2805 attendas
1060 2763 1186 2804 velim
1227 2762 1280 2803 ad
1322 2761 1451 2803 verba
1497 2757 1602 2803 ἄνευ
1639 2759 1732 2804 τῶν
