1786 3210
1736 0 1786 209 ἶ

271 291 320 336 δ’
353 290 501 344 ἄλλοις
531 289 585 335 οὐ
614 289 835 348 λαχάνοις.
895 287 1090 340 Εὔπολις
1133 286 1400 345 Ῥαφανίδες
1438 288 1626 336 ἄπλυτοι
1665 308 1749 347 077-
1783 313 1786 338 ε

271 364 385 409 πίαι.
453 368 518 409 Ad
557 379 685 407 unum
723 366 1006 421 fragmentum
1043 365 1149 405 haec
1189 365 1478 419 coniungenda
1515 380 1609 408 esse
1646 370 1750 410 vidit
1783 359 1786 362 Α

270 439 517 481 Runkelius.
580 438 770 478 Obscure
811 436 1074 490 Hesychius,
1107 430 1334 475 ”Απλυτοι
1371 435 1635 492 ῥαφανῖδεςε
1671 432 1750 479 οὕ-

272 523 355 559 τως
385 506 513 558 ἔνιοι,
546 506 620 547 καὶ
651 502 703 546 οὐ
734 502 973 561 ποτάμιαι,
1004 500 1056 554 c‘c'g
1086 502 1140 555 δὴ
1170 506 1245 546 καὶ
1274 504 1539 556 θαλασσίας
1568 510 1608 561 *)
1638 510 1751 558 τινὲς

272 578 435 635 ἔλεγον.
496 580 661 621 lllotam
695 574 955 632 rhaphanum
987 591 1078 618 esse
1108 590 1214 630 quae
1243 579 1352 619 intus
1383 580 1475 620 alba
1504 580 1607 622 foris
1637 582 1752 634 pulla

274 654 340 703 sit,
372 657 413 694 et
444 653 494 692 ab
525 652 615 703 ipsa
644 651 862 704 nigredine
893 662 1046 690 nomen
1074 650 1230 689 habere
1261 662 1311 690 ex
1341 651 1510 692 Bodaeo
1540 652 1593 692 ad
1610 652 1752 693 Theo·
1783 654 1786 661 '

272 725 367 779 phr.
397 737 439 777 p.
469 723 555 763 770
594 722 803 762 annotavit
833 720 1268 774 Schweighaeuserus.
1337 720 1400 760 De
1429 733 1621 763 mensura
1653 723 1752 763 ulti-

271 809 364 837 mae
401 795 445 835 in
484 793 652 834 nomine
691 790 886 849 ραφανὶς
926 792 1060 832 Draco
1102 791 1282 832 Straton.
1313 805 1354 845 p.
1385 793 1442 832 80
1482 788 1750 848 ῥαφανίς;

272 864 522 921 δίφορεῖται
558 859 610 902 τὸ
646 863 702 912 ῖς,
756 858 974 910 Ἀττικῶς
1012 859 1058 901 δὲ
1098 858 1277 902 ἐκτείνει
1312 889 1369 895 —-
1397 861 1508 918 παρ’
1536 860 1754 906 Εὐπόλιδι

267 184 352 226 564
843 178 1146 222 EUPOLlDlS

274 936 321 978 δὲ
356 932 656 977 συστέλλεται.
721 934 963 976 Eustathius
993 933 1045 974 ad
1076 933 1194 973 Iliad.
1225 927 1271 987 cp'
1303 935 1416 974 1220
1445 935 1522 977 55:
1567 934 1751 977 συστέλ-

274 1007 397 1049 λεται
427 1004 473 1046 δὲ
504 1002 626 1062 παρὰ
654 1002 714 1062 τῷ
744 1000 963 1045 Εὐπόλιδι
990 1002 1036 1044 ἐν
1064 1001 1124 1060 τῷ
1152 1003 1467 1061 ῥαφανίδες
1494 1001 1751 1052 ἄπλυτοι.

920 1130 1070 1171 XLIX.

546 1214 684 1275 ’Όψῳ
714 1216 891 1275 πονηρῷ
921 1217 1166 1268 πολυτελῶς
1194 1216 1437 1277 ἠρτυμένῳ.

387 1337 627 1379 Athenaeus
658 1333 698 1373 11
736 1347 778 1386 p.
809 1334 930 1374 682:
977 1330 1028 1373 τὸ
1074 1331 1120 1373 δὲ
1161 1332 1284 1390 ῥῆμα
1323 1330 1570 1390 (ἀρτῦσαι)
1613 1336 1751 1376 κεῖται

273 1405 396 1465 παρὰ
425 1402 652 1460 Σοφοκλεῖ
675 1400 781 1456 ,ἐγώ
813 1399 1019 1460 μάγειρος
1048 1399 1224 1461 ἀρτύσω
1255 1404 1445 1461 σοᾳαῖς.”
1475 1434 1531 1441 —
1559 1400 1752 1455 Εὔπολις

265 1476 405 1536 ’Ὂψῳ
435 1472 611 1531 πονηρῷ
640 1472 730 1515 κτλ.
1755 1483 1760 1487 ,

988 1591 1037 1631 L.

386 1675 483 1718 Καὶ
512 1672 702 1730 μουσικὴ
732 1669 899 1729 πρᾶγμ’
930 1672 1027 1715 ἐστὶ
1055 1670 1187 1727 βαθύ
1216 1687 1258 1714 τι
1287 1674 1363 1715 καὶ
1391 1668 1636 1730 καμπύλον.

387 1791 628 1834 Athenaeus
657 1789 758 1831 XIV
787 1803 828 1843 p.
854 1789 936 1830 623
950 1802 996 1830 e:
1027 1783 1051 1828 ὁ
1080 1789 1161 1843 μὲν
1190 1784 1518 1845 κωμῳδιοποιὸς
1546 1782 1751 1838 Εὔπολις,

275 1860 430 1918 ἄνδρες
461 1858 598 1916 φίλοι,
630 1855 743 1914 φησί
777 1859 870 1901 Καὶ
897 1857 1086 1914 μουσικὴ
1118 1858 1286 1915 πρᾶγμ’
1318 1858 1413 1900 ἐστὶ
1444 1855 1576 1912 βαθύ
1604 1873 1647 1900 τι
1675 1859 1752 1899 καὶ

274 1930 530 1987 καμπύλον,
572 1927 640 1971 ἀεί
679 1944 725 1970 τε
754 1927 909 1971 καινὸν
937 1927 1169 1987 ἐξευρίσκει
1197 1945 1241 1971 τι
1269 1931 1360 1981 τοῖς
1400 1929 1588 1972 ἐπινοεῖν
1618 1929 1752 1971 δυνα-

273 2004 437 2060 μένοις.
499 2003 747 2045 Eustathius
777 2003 829 2043 ad
858 2003 984 2044 Hom.
1016 2017 1057 2057 p.
1089 2004 1198 2044 1421
1230 2003 1311 2044 ὅδε
1350 2000 1464 2042 κατὰ
1492 1999 1574 2043 τὸν
1601 1997 1752 2042 Εὔπο-

275 2074 346 2116 λιν
374 2068 555 2115 εἰπόντα
584 2068 642 2120 ώς
670 2068 698 2121 ἡ
727 2070 917 2125 μουσικὴ
949 2068 1117 2128 πρᾶγμ’
1150 2071 1245 2113 ἐστὶ
1273 2071 1362 2114 κτλ.
1416 2074 1527 2114 Hinc
1557 2073 1752 2114 coniicias

272 2142 329 2201 χὴ
358 2139 570 2200 μουσική,
600 2156 846 2197 quamquam
878 2145 1076 2185 articulus
1105 2158 1187 2186 non
1217 2145 1475 2186 necessarius
1506 2149 1583 2185 est.
1643 2144 1753 2185 Tum

275 2231 320 2259 τι
350 2217 502 2258 omittit
530 2216 699 2256 Grotius
730 2216 829 2256 Exc.
853 2230 893 2268 p.
908 2215 992 2256 507
1023 2217 1160 2256 locum
1190 2216 1247 2256 ita
1276 2214 1555 2256 transferens:
1586 2213 1754 2256 subtile

277 2289 479 2345 quiddam
516 2291 560 2327 et
595 2287 760 2326 varium
798 2291 862 2326 est
901 2289 1088 2328 musica.-
1132 2287 1219 2327 His
1257 2289 1330 2341 qm·
1367 2288 1541 2341 ingenio
1571 2285 1752 2340 pollent,

277 2373 440 2414 semper
480 2357 647 2412 aliquid
679 2358 935 2414 suppeditat*
962 2360 1078 2399 novi.
1138 2359 1241 2399 eod.
1272 2359 1306 2398 P
1346 2352 1478 2410 βαθύ
1506 2370 1549 2396 τι
1577 2350 1752 2409 καμπύ-

277 2423 379 2479 λον,
408 2429 519 2471 unde
549 2441 672 2478 vere,
713 2428 880 2481 opinor,
911 2430 1125 2488 Hanoviu}
1155 2431 1305 2470 Exere.
1336 2430 1427 2470 crit.
1458 2442 1498 2481 p.
1531 2428 1614 2467 160
1653 2439 1754 2468 con-

277 2502 378 2542 iecit
417 2494 548 2551 βαθύ
585 2511 627 2538 τι
662 2493 891 2550 κᾶγκύλον.
965 2501 1192 2552 Sequentia
1233 2501 1345 2541 haud
1387 2499 1615 2540 difficulter
1657 2510 1751 2538 cum

276 2571 494 2613 Dindorfio
530 2571 571 2611 in
608 2570 839 2611 trimetrum
879 2584 1023 2624 cogas,
1064 2567 1131 2610 ἀεί
1166 2583 1209 2610 τι
1243 2566 1398 2610 καινὸν
1434 2567 1525 2616 τοῖς
1560 2565 1751 2607 ἐπινοεῖν

274 2638 559 2695 δυναμένοις,
596 2642 758 2692 eiecto,
797 2642 907 2694 quod
947 2642 1154 2683 Athenaei
1191 2655 1283 2683 esse
1317 2645 1457 2695 putat,
1506 2635 1751 2694 ἐξευρίσκει.
1784 2684 1786 2734 Ι

284 2737 318 2744 ,-

372 2788 404 2831 ⁸)
431 2787 623 2830 Corrigunt
651 2790 796 2826 Θασίας.
843 2788 912 2820 Pro
938 2785 1110 2831 ποτάμιαι
1135 2788 1244 2821 codex
1269 2800 1293 2821 π
1317 2800 1339 2821 n
1365 2786 1602 2831 superscripto
1627 2798 1647 2818 ο
1671 2798 1704 2819 ο.
