1786 3210
276 117 336 161 u
881 113 1122 167 cRA'rlN}

278 224 600 282 ,,παιζόντων.”
662 231 782 275 Haec
823 233 1036 284 postrema
1072 229 1197 271 etiam
1228 231 1399 272 nostroe
1427 207 1771 286 interpret-ttoni

277 301 438 345 favent.

982 370 1058 414 1v.

996 454 1003 460 '
1298 451 1411 508 Φέρε
1440 450 1522 494 νῦν
1550 467 1624 496 σοι

339 536 360 581 ἒ
386 532 600 595 ξαίθρὶας
630 533 1006 593 καταπυγοσύνην
1031 535 1143 594 μυὸς
1173 534 1392 594 ἀστράψω
1423 533 1724 596 Ξενοφῶντος.

384 654 582 697 Aelianus
612 653 669 694 H.
690 654 741 695 A.
772 652 855 693 XII
886 653 963 693 10:
992 651 1170 705 λέγουσι
1201 650 1248 692 δὲ
1276 651 1381 701 τοὺς
1408 651 1493 707 μῦς
1522 649 1763 707 λαγνιστά-

271 734 375 773 τους
402 714 530 772 εἶναι,
558 722 634 763 καὶ
663 716 868 777 μάρτυρά
896 735 943 774 γε
973 721 1202 777 Κρατῖνον
1230 718 1473 775 ἐπάγονται
1501 718 1686 766 εἰπόντα
1715 723 1763 766 ἐν

271 798 370 844 ταῖς
399 793 667 849 Δραπέτισι·
719 790 832 848 Φέρε
864 790 946 833 νῦν
974 806 1049 834 σοι
1071 792 1162 836 κτλ.
1224 794 1366 848 Tetigi
1395 795 1447 835 ad
1478 797 1763 840 Menandrum

270 881 315 922 p.
345 868 444 908 408.
520 865 845 919 Xenophontem
882 866 1063 909 fortasse
1092 866 1192 907 dicit
1220 867 1515 918 Melitensem,
1545 868 1763 922 Euripidis

271 939 424 987 filium,
452 950 577 990 quem
592 937 637 978 in
668 937 816 978 decem
829 937 1148 979 Atheniensium
1165 938 1340 979 ducibus
1370 939 1472 978 belli
1488 939 1618 980 Samii
1646 953 1762 981 com<
1785 953 1786 991 ξ

270 1013 478 1051 memorat
502 1008 708 1050 Androtio
738 1008 849 1062 opud
886 1009 1020 1050 schol.
1049 1009 1246 1051 Aristidis
1277 1023 1318 1063 p.
1342 1008 1442 1050 485.
1479 1010 1642 1051 Eadem
1673 993 1786 1052 Thal

270 1080 444 1134 Bergkii
476 1080 616 1134 opinio
646 1081 807 1121 Comm.
847 1093 887 1133 p.
911 1081 980 1121 63.
1035 1080 1230 1121 Eundem
1256 1080 1582 1134 Xenophontem
1612 1086 1765 1136 postea

271 1153 442 1205 olymp.
461 1151 699 1193 LXXXVII
730 1151 758 1191 4
789 1163 884 1190 cum
900 1151 1220 1192 Atheniensium
1251 1151 1437 1193 exercitu
1468 1147 1613 1193 contra
1631 1151 1762 1195 Chal-

270 1223 465 1264 cidenses
494 1223 536 1263 in
553 1222 734 1262 Thracia
763 1221 936 1262 missum
968 1236 1063 1262 esse
1093 1222 1247 1263 docent
1263 1222 1457 1275 Thucyd.
1488 1223 1528 1264 11
1556 1224 1627 1265 79.
1658 1224 1763 1265 Dio-

271 1293 399 1334 dorus
430 1293 512 1334 Sic.
544 1293 626 1332 Xll
656 1306 697 1345 p.
728 1292 815 1332 512
846 1297 890 1332 et
919 1292 1169 1333 Plutarchus
1198 1292 1291 1333 Nic.
1323 1292 1396 1335 vl.
1456 1293 1504 1335 In
1535 1306 1587 1334 eo
1616 1298 1763 1337 autem

267 1363 429 1406 fallitur
468 1364 581 1405 haud
611 1362 737 1403 dubie
766 1363 972 1416 Bergkius
1003 1363 1114 1415 quod
1143 1363 1470 1416 Xenophontem
1505 1363 1620 1405 hunc
1654 1376 1761 1405 eun-

269 1435 368 1477 dem
398 1448 493 1476 esse
523 1434 731 1475 existimat
761 1447 856 1475 cum
887 1447 962 1484 eo,
1003 1435 1121 1474 cuius
1161 1447 1314 1475 nomen
1345 1434 1609 1476 librariorum
1638 1447 1762 1477 error

268 1507 411 1548 intulit
447 1507 492 1547 in
532 1505 625 1547 cod.
656 1506 867 1548 Venetum
906 1505 1123 1559 Aristoph.
1161 1506 1272 1547 Nub.
1310 1504 1420 1547 3842
1461 1499 1619 1561 ἄγριόν
1654 1512 1762 1546 τινα

267 1574 358 1619 τῶν
387 1571 558 1616 λασίων
586 1571 755 1616 τούτων
785 1566 882 1615 οἷόν
911 1589 992 1630 περ
1022 1572 1103 1616 τὸν
1132 1569 1414 1631 Ξενοφῶντα.
1482 1578 1605 1619 Illum
1645 1577 1762 1620 enim

268 1648 614 1702 Xenophontem,
654 1659 777 1701 quem
815 1648 1031 1701 Euripidis
1078 1648 1212 1689 filium
1251 1647 1436 1689 nominat
1473 1647 1762 1702 Thucydides,

267 1719 312 1761 in
348 1720 439 1773 ipso
482 1720 557 1759 illo
598 1724 743 1759 contra
773 1719 1074 1760 Chalcidenses
1113 1720 1273 1772 praelio
1312 1718 1560 1760 occubuisse
1599 1707 1762 1762 diserte

267 1795 430 1831 constat
465 1791 596 1843 ipsius
627 1792 885 1844 Thucydidis
921 1790 1161 1831 testimonio
1191 1789 1264 1831 l.l.
1304 1783 1546 1830 ἀπέθανον
1587 1787 1636 1831 δὲ
1673 1785 1760 1832 αὖ·

266 1859 357 1901 τῶν
371 1861 734 1914 (Atheniensium)
757 1857 996 1917 τριάκοντα
1025 1861 1102 1902 καὶ
1132 1857 1410 1916 τετρακόσιοι
1437 1860 1515 1902 καὶ
1543 1859 1587 1902 οἱ
1616 1874 1759 1917 στρα·

265 1931 395 1983 τηγοὶ
426 1928 600 1980 πάντες.
662 1932 809 1986 ltaque
839 1946 978 1986 neque
1006 1933 1048 1974 in
1077 1933 1289 1987 prioribus
1318 1946 1458 1987 neque
1485 1934 1530 1975 iu
1559 1933 1762 1990 secundini

265 2004 458 2047 Nubibus
496 2006 813 2045 commemorari
851 2005 1001 2058 potuit.
1069 2005 1268 2046 Ceterum
1299 2017 1395 2046 cum
1427 2005 1588 2047 Cratini
1615 2005 1763 2047 verbis

267 2076 571 2129 comparandus
588 2075 826 2129 Xenophon
842 2070 1012 2117 Hellen.
1029 2075 1110 2119 VII
1128 2076 1152 2116 1
1184 2077 1263 2117 31:
1293 2072 1339 2126 ἐξ
1368 2069 1560 2132 αἰθρίας
1587 2070 1759 2131 ἄστροι-4

266 2141 356 2194 mig·
391 2158 436 2185 τε
467 2145 544 2186 καὶ
574 2142 764 2202 βροντὰς
799 2144 1003 2200 λέγουσιν
1032 2141 1207 2195 αἰσίους
1236 2141 1356 2203 αὐτῷ
1372 2144 1603 2205 φανῆναι.
1668 2146 1755 2188 Sed

267 2217 324 2258 de
368 2218 574 2259 sententia
615 2219 802 2261 Incertus
854 2219 1045 2271 haere05
1108 2231 1189 2261 nec
1233 2219 1452 2261 sufficiunt
1493 2215 1602 2274 quae
1651 2218 1762 2261 dixit

265 2287 474 2343 Bergkius
502 2290 532 2336 l.
549 2290 580 2332 l.

273 2453 388 2508 Τοὺς
414 2448 501 2500 ὦδε
527 2453 670 2515 μόνον
698 2453 1025 2508 στασιάζοντας
1053 2457 1129 2499 καὶ
1144 2456 1442 2515 βουλομένους
1470 2455 1598 2509 τινάς
1624 2448 1754 2503 εἶναι.

383 2572 558 2616 Photius
577 2575 677 2616 Lex.
692 2587 734 2628 p.
752 2573 836 2614 648
868 2572 935 2615 15.
960 2562 1097 2614 ²525ae
1128 2568 1181 2613 οὐ
1206 2568 1348 2628 μόνον
1376 2569 1427 2614 τὸ
1447 2565 1611 2626 οὕτως.
1639 2569 1754 2615 ἀλλὰ

269 2640 348 2686 καὶ
386 2638 437 2683 τὸ
475 2641 642 2686 ἐνθάδε
683 2640 742 2693 ὡς
780 2640 915 2699 ἡμεῖς.
987 2644 1209 2701 Κρατῖνος
1240 2645 1483 2703 Δραπέτισι
1517 2644 1630 2698 Τοὺς
1665 2637 1762 2689 ὦδε4

268 2708 411 2770 μόνον
439 2714 532 2760 κτλ.
586 2711 923 2772 Ἀριστοφάνης
953 2711 1172 2773 Κωκάλῳ·
