1786 3210
695 181 700 186 ·
714 154 862 199 AHM
868 151 944 199 01.
1488 158 1572 201 455

83 272 261 332 καιροὺς
300 270 389 315 τῶν
425 254 645 329 πράξεων·
693 265 925 313 ἀπέθανεν
968 267 1016 310 δὲ
1059 261 1179 324 ὅμως
1227 267 1570 325 δολοφονηθείς,

83 343 232 391 καίτοι
261 340 634 402 προσημ-ήναντος
664 341 743 384 τοῦ
771 337 952 397 ψόφου,
990 333 1049 390 ὥς
1088 353 1228 396 φησιν
1259 337 1569 395 Ἀριστοτέλης

85 417 133 466 ἐν
165 417 220 477 τῇ
256 416 447 460 Φωκέων
475 412 689 472 πολιτείᾳ.

590 639 1047 685 ΔΗΜΟΙ.

190 782 343 824 Demos
372 781 554 835 Eupolin
595 781 783 835 proximo
825 783 1016 832 tempore
1053 780 1149 831 post
1178 776 1360 818 Siculam
1393 777 1563 830 expedi-

76 853 232 894 tionem
261 853 304 894 h.
328 866 365 893 e.
397 852 564 905 Olymp.
594 852 713 893 xcll
745 851 784 892 l.
845 850 979 892 Callia
1009 849 1207 889 archonte
1239 848 1445 901 Dionysiis
1476 862 1563 890 ma·-

74 925 167 978 gnis
197 925 239 966 in
269 937 436 965 scenam
454 923 729 974 commisisse,
754 933 900 976 parum
930 919 1091 961 idoneis
1121 920 1377 973 argumentis
1408 920 1561 961 dooere

74 999 246 1035 conatus
277 1001 342 1035 est
375 995 407 1036 1.
440 995 622 1049 Raspius
652 996 887 1036 Comment.
918 991 972 1032 de
1003 991 1156 1044 Eupol.
1189 991 1330 1031 Demis
1360 995 1404 1031 et
1435 991 1556 1032 Civit.

70 1078 113 1120 p.
145 1066 214 1108 11.
272 1066 386 1107 Huic
414 1065 543 1106 fidem
573 1067 721 1107 habuit
748 1064 1006 1106 Fritzschius
1033 1063 1151 1104 Actis
1185 1064 1338 1103 Societ.
1369 1074 1509 1114 graec.
1540 1062 1558 1102 1

69 1137 226 1191 p.154.
287 1137 383 1191 lpse
413 1137 513 1177 olim
544 1140 719 1189 propter
735 1135 996 1188 Laespodiae
1009 1135 1197 1187 (Fragm.
1215 1132 1438 1183 XXXVll)
1470 1145 1558 1173 me-

71 1209 267 1259 moriam,
308 1209 380 1262 qui
419 1209 588 1262 Olymp.
619 1206 717 1247 XCI
767 1220 874 1246 anno
913 1206 1038 1247 tertio
1079 1210 1258 1246 exeunte
1295 1204 1559 1258 imperatoris

69 1292 246 1322 munere
273 1279 446 1321 functus
475 1285 553 1329 est,
583 1282 776 1331 quartum
806 1278 994 1318 eiusdem
1025 1277 1283 1331 Olympiadis
1311 1287 1464 1316 annum
1493 1274 1560 1314 fa·-

71 1352 195 1394 bulae
231 1352 553 1406 assignaveram.
622 1349 849 1391 Enimvero
888 1349 968 1389 alia
1010 1349 1133 1389 docet
1163 1347 1275 1401 quod
1305 1359 1428 1387 nemo
1457 1345 1556 1386 dum

69 1425 281 1478 cognitum
320 1423 467 1465 habuit
502 1421 670 1463 fabulae
702 1422 867 1475 Fragm.
901 1421 973 1471 lv,
1007 1434 1057 1461 ex
1096 1433 1179 1473 quo
1209 1419 1352 1461 Niciae
1388 1431 1556 1471 magnas

66 1496 111 1536 in
142 1508 192 1536 ea
219 1498 360 1548 partes
388 1493 521 1535 fuisse
549 1492 812 1546 intelligitur.
884 1492 970 1533 lam
1001 1492 1140 1534 Nicias
1171 1502 1412 1544 supremum
1443 1489 1554 1529 diem

0 1556 3 1575 '
67 1567 171 1608 obiit
208 1566 376 1620 Olymp.
406 1564 503 1606 xm
533 1564 561 1604 4
598 1576 743 1604 mense
781 1563 1091 1604 Boedmmione
1126 1562 1221 1614 (cfr
1251 1560 1443 1612 Thucyd.
1474 1559 1553 1602 vn

0 1578 2 1691 Ῐ
67 1638 159 1689 86),
189 1651 241 1678 ex
277 1650 360 1690 quo
390 1648 654 1690 consequens
685 1638 751 1675 est
782 1635 935 1675 Demos
966 1641 1062 1688 post
1092 1635 1260 1688 Olymp.
1290 1632 1386 1673 XCI
1416 1632 1443 1671 3
1476 1631 1552 1671 do-

0 1694 2 1776 }
68 1709 155 1749 ceri
193 1721 277 1750 non
314 1708 516 1762 potuisse.
584 1709 640 1749 At
670 1719 724 1747 ne
753 1706 878 1746 tertio
909 1707 1079 1759 quidem
1109 1709 1180 1747 aut
1209 1703 1394 1746 secundo
1426 1703 1551 1742 huius

0 1777 1 1829 ᾖ
69 1779 327 1834 Olympiadis
368 1792 476 1821 anno
517 1778 659 1819 doceri
698 1781 947 1830 potuerunt:
990 1779 1055 1819 vix
1093 1779 1204 1818 enim
1235 1775 1436 1817 credibile
1473 1778 1550 1825 est,

67 1851 244 1893 absente
273 1851 393 1892 Nicia
421 1850 620 1899 fabulam,
654 1849 771 1890 cuius
800 1849 892 1902 ipse
920 1863 1017 1903 pars
1047 1862 1196 1902 magna
1226 1851 1351 1898 esset,
1381 1847 1432 1886 ab
1462 1847 1551 1887 Eu·-

64 1923 208 1978 polide
234 1923 279 1965 in
309 1936 477 1964 scenam
505 1921 638 1963 fuisse
668 1921 942 1962 commissam.
984 1921 1208 1961 Profectus
1239 1924 1378 1959 autem
1409 1917 1551 1958 Nicias

64 1995 107 2036 in
136 1995 320 2036 Siciliam
350 1998 416 2035 est
445 1994 682 2035 Arimnesto
713 1991 915 2033 archonte
947 1993 1113 2045 Olymp.
1144 1992 1239 2033 XCI
1278 2003 1384 2030 anno
1414 1989 1550 2042 primo

67 2070 260 2108 exeunte.
329 2065 432 2107 Post
461 2065 574 2106 hunc
602 2065 730 2118 igitur
758 2076 912 2105 annum
944 2056 1085 2105 doceri
1115 2077 1196 2104 non
1227 2063 1366 2117 potuit
1393 2061 1549 2101 fabula.

66 2136 258 2178 Certiora
286 2148 436 2177 eruere
466 2136 567 2177 mihi
597 2149 680 2177 non
711 2135 898 2188 contigit.
959 2136 1004 2176 lu
1036 2135 1306 2188 disponendis
1335 2134 1548 2186 fragmen-

67 2208 121 2248 tis
151 2219 246 2247 eum
276 2210 479 2259 sequutus
507 2219 598 2246 sum
630 2207 835 2256 ordinem,
865 2210 912 2247 ut
936 2219 1042 2258 quae
1072 2207 1122 2246 ad
1154 2206 1408 2258 colloquium
1439 2204 1548 2244 inter

67 2278 322 2331 dem-gogos
351 2278 402 2317 ab
433 2276 579 2316 inferis
611 2277 810 2317 excitatos
847 2276 916 2326 (v.
949 2277 1000 2316 ad
1031 2279 1200 2330 Fragm.
1230 2277 1330 2317 Xlll
1363 2281 1405 2315 et
1436 2275 1545 2316 ssiat.

67 2348 161 2389 crit.
189 2360 233 2402 p.
265 2347 376 2398 126)
413 2349 456 2387 et
491 2347 758 2400 Myronidem
799 2346 957 2388 Niciam
995 2348 1205 2400 aliosque,
1252 2347 1287 2387 si
1324 2347 1396 2399 qui
1435 2345 1548 2387 forte

67 2422 290 2473 praeterea
318 2418 360 2459 iu
391 2430 518 2458 scena
546 2418 733 2468 aderant,
764 2419 876 2459 cives
905 2418 1022 2459 annis
1038 2418 1280 2471 meritisque
1307 2431 1454 2472 graves
1481 2418 1547 2460 in-

66 2491 258 2533 stitutum
287 2489 388 2530 satis
426 2492 517 2530 tuto
546 2488 699 2530 referri
717 2503 840 2543 posse
860 2490 1118 2538 viderentur,
1140 2490 1274 2542 primo
1305 2490 1398 2531 loco
1415 2502 1546 2543 pone-

66 2574 172 2612 rem,
199 2565 354 2612 cetera,
367 2573 544 2614 quorum
561 2550 719 2603 incerta
737 2562 859 2603 sedes
887 2567 964 2612 est,
994 2561 1229 2615 promiscuo
1252 2562 1398 2603 ordine
1423 2561 1546 2603 affer-

70 2643 174 2674 rem.
205 2632 390 2674 Primum
419 2632 713 2687 fragmentum,
732 2633 918 2686 quamvis
948 2633 987 2673 ei
1003 2645 1125 2684 quam
1157 2632 1239 2673 dixi
1270 2646 1420 2675 scenae
1449 2634 1547 2674 satis

71 2704 436 2754 accommodatum,
454 2708 592 2745 tamen
606 2708 778 2759 propter
796 2703 1001 2744 diversam
1021 2705 1142 2744 metri
1166 2705 1351 2758 speciem
1367 2704 1546 2745 fortasse

73 2773 154 2814 alio
182 2773 274 2816 loco
305 2774 582 2819 exhibendum
607 2780 710 2819 erat.
757 2775 1014 2830 Scriptorum
1034 2774 1135 2817 locis
1165 2780 1455 2831 argumentum
1484 2774 1546 2815 fa-
