1786 3210
270 169 354 211 154
902 168 1137 210 cltATlNl

269 282 486 323 Clisthene
516 283 744 324 Chironum
776 282 952 324 formam
983 281 1252 331 simulaverit,
1283 280 1440 322 dictum
1471 295 1565 324 esse
1593 285 1750 326 statuit.

270 354 407 395 Vertit
422 355 569 407 igitur:
601 354 660 394 ad
685 356 867 407 speciem
896 366 972 393 nos
998 352 1198 392 Chirones
1227 352 1475 393 advenimus
1505 357 1671 408 eofine,
1701 361 1751 396 ut

260 430 496 479 praecepta
528 449 603 465 —-.
664 425 745 465 Th.
779 424 981 476 Bergkius
1011 426 1150 463 autem
1180 423 1380 473 cnorum,
1417 424 1489 476 qui
1520 425 1750 474 Chironum

267 497 443 550 figuram
477 496 632 536 cultum
663 495 933 547 habitumque
963 495 1147 535 imitatus
1177 495 1250 544 sit,
1291 495 1361 535 ubi
1392 496 1570 548 primum
1608 498 1650 538 in
1681 511 1749 539 or-

267 568 475 608 chestram
507 567 721 619 prodierit,
752 566 857 607 haec
889 566 1131 618 eloquutum
1164 578 1257 605 esse
1289 567 1508 610 existimat.
1553 570 1649 610 Hoc
1679 582 1750 611 ve-

265 650 359 678 rum
400 639 591 679 arbitror.
660 637 781 690 Quod
819 642 960 677 autem
1003 630 1243 686 ὑποθήκας
1281 649 1328 677 se
1366 651 1603 692 proponere
1641 640 1751 682 velle

268 710 421 750 chorus
461 707 581 756 dicit,
621 707 664 748 id
694 712 893 748 monente
923 708 1161 750 Gaist'ordio
1205 712 1365 760 spectat
1401 709 1511 750 haud
1543 712 1669 752 dubie
1697 711 1751 753 ad

265 780 506 821 memoriam
539 779 678 832 operis
706 780 909 821 Hesiodei
934 775 1212 828 ‘Ynouffnmfiv
1241 779 1407 820 nemine
1436 782 1637 836 inscripti,
1667 795 1749 836 quo

266 851 390 892 etiam
421 851 724 905 Aristophanes
762 851 804 893 in
837 852 1152 892 Daetalensibus
1190 855 1235 891 et
1265 850 1540 895 Pherecrates
1577 854 1618 896 in
1649 854 1750 898 cbi-

264 935 368 965 rone
399 935 497 965 usus
528 928 605 965 est.
665 923 754 965 Cfr.
784 924 954 977 Bergkii
985 925 1221 965 Comment.
1251 922 1280 963 1.
1311 922 1341 964 l.

341 1206 349 1214 s
408 1164 711 1226 Κλειταγόρας
741 1164 878 1226 ᾅδειν,
911 1161 1022 1210 ὅταν
1047 1165 1298 1224 Ἀρμοδίου
1326 1168 1457 1226 μέλος
1487 1167 1614 1230 αὐλῇ.

378 1285 610 1329 Scholiasta
639 1285 852 1339 Aristoph.
885 1285 1011 1338 Vesp.
1046 1286 1183 1328 1231:
1221 1282 1453 1341 Ἀδμήτου
1481 1282 1626 1340 λόγον’.
1673 1287 1749 1328 καὶ

262 1355 394 1399 τοῦτο
423 1353 533 1411 ἀρχὴ
566 1352 746 1396 σκολίου
775 1382 830 1389 -
859 1355 933 1396 καὶ
965 1354 1012 1396 ἐν
1041 1355 1310 1413 Πελαργοῖς·

433 1423 458 1468 ὁ
488 1428 569 1481 μὲν
597 1416 702 1485 ᾖδεν
727 1422 965 1481 Ἀδμήτου
995 1423 1127 1480 λόγον
1156 1427 1266 1484 πρὸς
1294 1424 1523 1485 μυρρίνην,

434 1495 458 1539 ὁ
491 1493 538 1538 δ’
573 1494 713 1539 αὐτὸν
742 1493 988 1552 ἠνάγκαζεν
1013 1495 1265 1555 Ἀρμοδίου
1291 1498 1433 1555 μέλος.

259 1567 505 1626 Ἀρμοδιος
549 1565 602 1610 δ’
648 1568 695 1610 ἐν
739 1573 830 1619 τοῖς
869 1569 1230 1628 κωμῳδουμένοις
1274 1571 1349 1612 καὶ
1394 1569 1473 1612 τὸν
1509 1562 1748 1625 ”Αδμ“ητον

264 1638 426 1696 ἀναγειγ
446 1640 625 1695 γραφὴν
656 1643 760 1695 (leg.
791 1638 1040 1699 ἀναγράφει
1064 1645 1127 1684 vel
1159 1639 1489 1698 ἀναγέγραφεν)
1520 1642 1748 1695 παραθεὶς

264 1711 494 1768 Κρατίνου
522 1712 567 1753 ἐκ
586 1708 842 1767 Χει-ρώνων·
878 1710 1178 1768 Κλιιταγόρας
1200 1710 1325 1772 ᾄδειν
1340 1712 1431 1757 κτλ.
1464 1715 1544 1755 Ubi
1562 1727 1638 1767 pro
1651 1709 1748 1769 Ἁρ-

262 1783 419 1838 μόδιος
456 1786 750 1839 corrigendum
783 1799 876 1826 esse
909 1781 1169 1839 ἼΙρόὸικος,
1209 1788 1290 1828 iam
1323 1787 1391 1827 diu
1423 1790 1487 1826 est
1516 1787 1627 1839 quod
1657 1799 1747 1827 mo-

264 1860 353 1900 nuit
383 1858 650 1899 Suevernius.
714 1858 762 1899 V.
794 1859 903 1898 Ilist.
936 1859 1028 1899 crit.
1058 1873 1098 1912 p.
1132 1859 1200 1899 13.
1262 1858 1388 1910 Fugit
1430 1857 1471 1897 id
1503 1857 1585 1898 Th.
1615 1858 1747 1911 Berg-

263 1931 376 1971 kium
408 1930 642 1970 comment.
667 1930 811 1982 p.⁴227
841 1934 883 1969 et
915 1929 1217 1969 Schneiderum
1250 1928 1302 1968 de
1332 1928 1502 1969 scholiis
1533 1928 1746 1982 Aristoph.

262 2014 303 2056 p.
339 2000 410 2042 93.
476 2000 645 2040 Scolion
687 2000 812 2050 illud,
862 2002 980 2041 cuius
1019 2002 1088 2041 alii
1129 2001 1328 2041 Alcaeum
1367 2000 1438 2039 alii
1477 2000 1746 2054 Sapphonem

261 2073 332 2115 alii
365 2072 546 2125 denique
578 2072 799 2112 Praxillam
830 2076 1040 2113 auctorem
1073 2072 1272 2121 edebant,
1304 2071 1385 2111 hoc
1416 2076 1501 2111 est.

315 2138 553 2195 Λδμήτου
582 2138 716 2194 λογον
742 2131 774 2180 ὦ
807 2139 943 2197 ’ταῖοε
973 2139 1144 2195 μαθων
1176 2138 1276 2188 τοὺς
1308 2137 1514 2194 ἀγαθοὺς
1544 2118 1676 2195 ᾳίλει,

320 2226 410 2255 των
439 2212 594 2253 δειλῶν
625 2209 674 2252 δ
708 2209 874 2267 ἀπέχου
919 2211 1049 2266 γνοὺς
1079 2205 1149 2253 ὁτι
1180 2211 1334 2252 δειλων
1364 2208 1491 2264 ὀλίγη
1517 2206 1659 2266 χάρις.

264 2289 326 2329 De
357 2301 408 2327 eo
439 2291 628 2348 vaternm
660 2286 908 2339 scriptorum
941 2286 1032 2326 loca
1064 2284 1525 2338 composuitlacobslus
1541 2283 1592 2324 ad
1610 2284 1744 2324 Brun-

263 2360 344 2400 ckii
382 2357 1215 2411 Ana1.{·”p.157.crr.Fritzscnius
1256 2344 1470 2409 Aristoph.
1511 2347 1681 2408 quaest.
1725 2355 1743 2396 1

262 2446 304 2486 p.
334 2432 390 2472 52
432 2435 473 2470 et
516 2429 718 2482 Bergkius
757 2428 785 2469 l.
817 2428 845 2469 l.
913 2428 1152 2479 Clitagorae
1191 2427 1440 2467 cantilenam
1478 2427 1566 2466 sive
1605 2426 1744 2478 potius

263 2508 423 2555 partem
455 2500 543 2541 eius
574 2499 752 2538 servaxit
781 2498 1081 2550 Aristophanes
1115 2498 1239 2550 Vesp.
1269 2498 1392 2538 1246.
1453 2496 1574 2549 Quod
1605 2502 1744 2537 autem

265 2573 459 2613 Cratinus
509 2571 608 2611 dicit
653 2570 920 2622 „Clitagorae
969 2581 1135 2609 carmen
1176 2581 1326 2608 canere
1365 2568 1535 2608 tibicine
1575 2567 1743 2608 Admeti

254 2643 456 2684 'modulos
486 2642 757 2695 praeeunte'',
798 2642 939 2681 nescio
971 2654 1020 2680 an
1053 2641 1093 2680 id
1126 2639 1388 2693 proverbiale
1417 2638 1582 2679 dicendi
1610 2650 1744 2692 genus

264 2714 412 2762 suerit,
451 2726 533 2766 quo
575 2717 818 2755 notarentur
847 2713 877 2752 ii
908 2713 977 2765 qui
1009 2717 1168 2752 temere
1199 2711 1335 2751 omnia
1365 2701 1600 2752 miscerent.
1660 2709 1742 2751 Th.

264 2784 469 2841 Bergkius
499 2787 668 2840 proprio
700 2799 826 2828 sensu
857 2784 1032 2841 accepit,
1063 2783 1162 2825 artis
1191 2783 1373 2825 musicae
1403 2782 1744 2839 depravationem
