1786 3210
703 167 857 214 ΔΗΜ
860 166 934 212 01.
965 173 970 179 ’
1479 163 1568 212 478

696 307 880 363 xxvm
911 331 948 358 a.

194 404 370 447 Pholius
402 420 442 459 p.
473 406 551 446 321
589 407 626 447 l.
677 398 1078 456 Οἰνιαστήριᾱε
1121 397 1294 452 σπονδή
1333 399 1392 458 τῷ
1417 398 1568 457 ‘-Hpa

77 472 174 516 κλεῖ
219 473 530 530 ἐπιτελουμένη
575 472 661 517 ὑπὸ
711 488 800 516 των
845 469 1027 529 ἐφήβων
1071 472 1177 529 πρὶν
1221 470 1570 527 ἀποκείρασθαι.

79 541 276 594 Εὔπολις
306 543 483 600 Δήμοις.
551 550 687 590 Unice
724 562 825 589 vera
863 548 986 588 huius
1023 546 1202 586 nominis
1242 545 1380 586 forma
1411 550 1475 586 est
1504 539 1572 584 οἰ-

82 613 301 672 νιστήρια,
330 624 378 659 ut
407 623 522 659 recte
551 621 706 673 legitur
737 621 847 674 apud
865 619 1128 661 Athenaeum
1160 617 1421 671 Hesychium
1453 617 1570 659 alios.

83 690 281 732 Ceterum
313 703 363 730 ex
394 690 460 731 his
494 691 633 732 Photii
664 692 801 732 verbis
832 692 1012 743 Raspius
1042 704 1082 743 p.
1109 691 1163 730 12
1194 689 1369 730 efficere
1399 693 1573 730 conatu·

84 765 164 812 est,
191 774 281 802 rem
309 761 353 802 in
386 762 526 802 nemis
564 769 698 804 actam
728 763 831 816 fingi
860 762 985 803 tertio
1018 761 1318 814 Apaturiorum
1357 760 1451 810 die,
1488 773 1572 814 quo

87 832 156 873 die
186 833 307 887 pueri
336 833 378 873 in
411 835 668 887 epheborum
698 847 918 875 numerum
949 821 1274 886 recipiebantur.
1306 835 1425 886 Quae
1454 832 1576 874 valde

86 903 247 944 incerta
277 904 516 946 coniectura
547 911 624 947 est.
686 906 788 959 Quis
821 906 932 946 enim
961 910 1172 958 praestet,
1209 898 1460 962 οἰνιστήρια
1489 918 1575 948 nou

86 974 184 1025 alio,
214 976 388 1025 consilio
418 990 443 1018 a
470 981 596 1032 poeta
623 980 947 1018 commemorata
975 975 1140 1018 fuisse?

710 1088 894 1134 XXVIII
924 1090 966 1132 b.

202 1173 353 1216 Pollux
379 1175 461 1218 VII
503 1176 607 1218 123:
646 1170 864 1225 κάπνην
899 1172 947 1215 δὲ
984 1173 1062 1216 καὶ
1099 1169 1455 1224 καπνοδόκην
1491 1168 1581 1214 Εὕ-

93 1241 220 1293 πολις
250 1242 300 1286 τὸ
329 1246 412 1299 μὲν
440 1245 609 1302 εἴρηκεν
638 1245 686 1287 ἐν
714 1242 936 1298 Βάπταις,
966 1243 1017 1288 τὸ
1049 1245 1095 1287 δὲ
1126 1243 1173 1286 ἐν
1201 1241 1380 1301 Δήμοις.

345 1441 586 1487 Ἐνταῦθα
615 1442 768 1489 τοίνυν
795 1435 854 1499 ἦν
882 1443 1115 1494 ἐκείνοισιν
1144 1441 1314 1490 πιθών.

209 1531 360 1574 Pollux
389 1533 468 1576 VII
501 1534 606 1575 164:
644 1532 721 1574 καὶ
751 1532 910 1589 μέντοι
946 1533 1023 1574 καὶ
1060 1529 1256 1587 Εὔπολις
1293 1531 1339 1575 ἐν
1375 1534 1467 1584 τοῖς
1496 1529 1584 1586 Δή-

95 1617 195 1660 μοις
233 1601 318 1662 ἔφη
364 1600 601 1644 Ἐνταῦθα
643 1602 797 1646 τοίνυν
835 1604 936 1656 κτλ.ζ
997 1607 1113 1647 Idem
1146 1607 1204 1649 V1
1236 1606 1314 1647 15:
1356 1604 1435 1655 τὰς
1467 1602 1586 1648 ἀπο-

97 1671 248 1726 θήκας
278 1674 359 1716 τοῦ
396 1673 521 1716 οἴνου
559 1668 768 1731 Ξενοφῶν
803 1678 885 1731 μὲν
928 1671 1116 1726 οἰνῶνας
1158 1675 1348 1733 εἴρηκεν,
1390 1675 1588 1727 Εὔπολις

100 1744 148 1788 δὲ
177 1745 460 1797 mamae.
499 1748 617 1790 Idem
633 1749 691 1791 lx
707 1750 788 1791 49:
820 1747 1073 1798 πιθῶνες
1101 1744 1134 1789 ὦ
1154 1745 1348 1800 Εὔπολις
1376 1746 1588 1806 ω’νόμαζε.

776 1853 910 1896 XXX.

214 1943 363 1985 Pollux
402 1944 461 1986 lx
502 1945 581 1986 48:
621 1943 699 1986 καὶ
735 1941 828 1999 μὴν
863 1941 941 1986 οὐκ
978 1940 1121 1998 ἄδοξα
1158 1932 1271 2002 μέρή
1308 1944 1388 1997 τῆς
1412 1941 1590 1996 ’πόλεως

100 2010 326 2070 γυμνάσια
355 2015 432 2056 καὶ
452 2014 682 2070 βαλανεῖα,
715 2015 820 2066 ἴσως
850 2015 898 2058 δὲ
926 2016 1003 2058 καὶ
1032 2015 1316 2074 πυριατήρια,
1339 2013 1593 2068 Εὐπόλιδος

101 2080 304 2136 εἰπόντος
333 2085 380 2127 ἐν
409 2083 576 2141 Δήμοις
595 2082 815 2136 “Oaxo
857 2086 1253 2146 πυριατήριον.
1314 2091 1593 2132 Hemsterhu-

0 2195 2 2216 Ι
104 2160 191 2200 olus
210 2164 282 2200 aut
301 2151 400 2210 ὅθι,
430 2162 541 2214 quod
573 2162 755 2203 alienum
785 2166 849 2203 est
879 2162 930 2202 ab
960 2175 1037 2204 usu
1061 2163 1331 2213 comicorum,
1363 2171 1435 2205 aut
1464 2155 1591 2204 ὅπου.

0 2236 3 2259 ¹
108 2228 227 2271 Bene
258 2231 438 2284 Ruspina
467 2245 510 2285 p.
539 2233 596 2273 38
625 2233 844 2286 distinguit
871 2224 907 2297 ὅ,
927 2245 990 2284 τις
1018 2230 1069 2274 τὸ
1099 2228 1407 2289 πυριατήριον.

765 2346 920 2389 ΧΧΧΙ.

225 2432 373 2475 Pollux
405 2433 465 2477 lX
495 2435 602 2477 146:
639 2433 686 2475 ἐν
721 2432 769 2475 δὲ
807 2430 1056 2483 Εὐπόλιδος
1092 2430 1260 2489 Δήμοις
1299 2433 1394 2477 ἐστὶ
1430 2435 1506 2477 καὶ
1546 2433 1596 2478 τό

70 2546 76 2553 ,
107 2495 531 2559 καυχῖᾗσασθαι.
589 2507 692 2549 eod.
726 2507 843 2561 [ung.
875 2502 1156 2562 καυχήσεται.

772 2621 949 2663 XXXII.

354 2704 358 2708 ’
388 2698 536 2758 ’Έχων
566 2702 790 2761 στατῆρας
816 2701 1002 2761 χρυσίου
1031 2701 1309 2759 τρισχιλίους.

233 2785 381 2830 Pollux
413 2789 470 2832 lx
500 2789 580 2832 58:
609 2787 661 2831 τὸ
691 2789 737 2831 ἐν
767 2793 864 2840 ταῖς
888 2787 1311 2843 Ἐκκλησιαζούσαις
1348 2787 1603 2848 ἀμφίβολον
