1786 3210
481 131 747 200 FABULAE}
781 157 1085 201 morsuram.
1454 161 1538 203 193

45 285 49 289 ‘
102 267 272 312 Μοῦσα
307 268 453 326 χορῶν
492 269 620 327 ἱερῶν
658 259 854 325 ἐπίβηθι
892 270 969 311 καὶ
1010 267 1118 312 ἔλθ’
1150 269 1221 312 ἐπὶ
1249 271 1407 330 τέρψιν
1435 270 1536 316 ἀοι-

851 339 932 391 ὃᾶς
958 340 1080 396 ἐμᾶς,

22 448 26 452 .
96 409 175 454 τὸν
204 410 345 454 πολὺν
375 408 579 468 ὀψομένη
609 411 730 454 λαῶν
760 408 904 468 ὄχλον,
935 404 991 455 οὗ
1018 410 1182 468 σοφίαί

98 481 257 539 μυρίαι
285 479 530 534 κάθηνται.

38 556 258 598 Demosth.
291 557 464 609 Olynlh.
499 557 559 597 111
590 570 630 610 p.
646 556 725 597 32:
755 555 832 595 καὶ
861 551 946 611 γὰρ
975 550 1113 597 εἰπεῖν
1143 553 1198 596 τὰ
1227 554 1385 597 δέοντα
1416 554 1527 613 παρ’

38 622 144 682 ὑμῖν
172 620 292 667 εἰσὶν
313 616 345 666 ὦ
378 622 532 683 ἄνδρες
559 622 815 677 Ἀθηναῖοι
837 623 1092 682 δυνάμενοι,
1122 627 1197 668 καὶ
1221 627 1386 682 γνῶναι
1419 625 1531 670 πάν·

37 710 127 739 των
167 693 290 752 ὑμεῖς
327 693 534 749 ὀξύτατοι
575 684 629 739 ἰοὶ
670 687 891 755 ῥηθέντα.
963 703 1101 753 Atque
1139 702 1196 742 ita
1234 702 1358 742 etiam
1398 716 1530 743 novae

37 771 283 812 comoediae
313 777 479 825 poetae,
511 786 548 813 v.
580 785 617 812 c.
648 772 883 812 Menander
911 772 1114 825 Adelphis
1144 786 1185 825 p.
1216 773 1269 813 5:

735 838 845 889 θεὸς
876 840 971 882 ἐστι
1001 842 1091 890 τοῖς
1115 842 1324 897 χρηστοῖς
1346 839 1416 882 ἀεὶ

316 907 341 951 ὁ
371 909 474 959 νοῦς
505 907 603 967 ἄρ’,
629 907 687 959 aig
717 908 868 962 ἔοικεν,
901 902 934 952 ὦ
967 909 1238 968 σοφώτατοι.

35 983 126 1026 crr.
157 983 383 1037 Bergkium
415 983 442 1023 1.
469 983 496 1023 l.
528 983 654 1036 p.10.
725 985 797 1027 Vs.
829 985 851 1024 1
894 979 1178 1039 ἁχρὲιόγὲλως
1206 986 1257 1026 ad
1288 998 1418 1039 nugas
1449 985 1526 1026 fri-

34 1055 238 1109 gidasque
268 1054 443 1094 aliorum
475 1059 692 1107 poetarum
723 1054 918 1105 facetias,
960 1057 1111 1108 quibus
1153 1057 1335 1109 populus
1375 1056 1524 1098 faciles

33 1139 156 1168 aures
187 1126 400 1179 praebeat,
429 1130 620 1178 spectare
652 1127 753 1166 vidit
777 1127 1071 1168 Doederlinius
1102 1132 1246 1168 noster
1264 1129 1380 1169 Lect.
1395 1129 1523 1170 Hom.

33 1197 54 1243 1
83 1212 125 1252 p.
157 1198 197 1238 6.
256 1177 411 1238 Suidae
442 1197 637 1250 glossam,
675 1191 990 1252 Ἀχρειόγελως
1019 1193 1287 1252 ἄνθ’ρωποςε
1328 1197 1402 1238 ἐπὶ
1431 1199 1524 1249 τοῖς

31 1263 268 1322 ἀχρήστοις
298 1266 374 1307 καὶ
401 1263 463 1320 μή
497 1264 762 1316 σπουδαίοις
790 1266 928 1321 γξλῶν
956 1269 1032 1309 καὶ
1058 1266 1238 1324 χαίρων,
1272 1272 1412 1312 attulit
1439 1273 1523 1313 iam

33 1339 308 1381 Gaisfordius.
379 1339 538 1379 Eadem
577 1339 724 1380 iisdem
755 1341 892 1381 verbis
923 1341 1120 1394 leguntur
1150 1342 1260 1395 apud
1292 1329 1548 1389 Grammat.¹

30 1411 164 1453 Bekk.
195 1410 354 1452 Anecd.
371 1424 412 1463 p.
428 1410 527 1450 475.
567 1411 689 1463 Quod
720 1416 857 1451 autem
889 1412 1056 1468 ineptiis
1089 1414 1290 1465 populum
1322 1413 1521 1455 delectari

33 1482 146 1532 dicit,
177 1494 300 1534 quem
331 1482 528 1534 proximis
559 1483 696 1521 verbis
728 1495 751 1521 a
789 1483 1013 1535 sagicitatis
1054 1484 1289 1536 mentisque
1329 1487 1521 1527 acumine

23 1553 265 1609 «praedicat,
295 1552 338 1592 id
370 1538 471 1592 nillil
503 1553 746 1593 offensionis
778 1553 928 1603 habet3
969 1555 1105 1594 solent
1137 1556 1247 1595 enim
1278 1561 1430 1608 poetae
1460 1559 1518 1598 ri-

31 1637 103 1667 sus
140 1624 333 1678 captandi
374 1637 518 1665 caussa
548 1625 830 1666 diversissima
862 1627 1130 1678 coniungere.
1187 1626 1414 1668 ‘Difficilius
1447 1642 1518 1670 ex—

31 1695 186 1751 plicatu
217 1707 291 1735 cur
320 1694 417 1742 ταῖς
446 1691 653 1746 ἐπίβδαις
683 1698 883 1749 populum
915 1697 1100 1750 gaudere
1130 1697 1284 1737 iubeat.
1339 1699 1518 1753 Raspius

33 1767 266 1808 Comment.
298 1766 350 1806 de
382 1767 532 1819 Eupol.
565 1768 653 1808 Civ.
684 1781 725 1820 p.
759 1768 841 1808 114
871 1768 1054 1809 fabulam
1085 1768 1126 1808 in
1157 1769 1330 1821 repotiis
1362 1772 1518 1811 versari

31 1837 174 1878 dicens
204 1837 344 1890 paullo
376 1838 593 1878 obscurius
630 1838 825 1891 loquutus
857 1845 933 1880 est.
1005 1838 1204 1893 Suspicor
1242 1842 1378 1880 tamen
1421 1854 1517 1883 eum

29 1906 114 1949 hoc
143 1907 284 1948 dicere
315 1909 519 1958 voluisse,
556 1908 726 1949 finxisse
759 1910 988 1950 Cratinum‘
1007 1904 1215 1951 actionem
1256 1909 1423 1952 fabulae
1453 1913 1516 1954 in-

21 1979 173 2035 cidere
201 1980 243 2020 in
274 1980 450 2033 repotia.
509 1980 617 2020 Mihi
636 1981 827 2022 Cratinus
858 1977 1059 2033 ἐπίβῦας,
1092 1982 1144 2022 de
1174 1994 1254 2034 qua
1284 1995 1387 2023 voce
1418 1988 1517 2025 nota.

31 2054 98 2092 est
134 2050 374 2091 Ruhnkenii
410 2052 462 2092 ad
500 2051 609 2092 Tim.
651 2065 694 2105 p.
728 2052 809 2092 120
847 2053 1096 2106 disputatio,
1146 2052 1346 2093 translato
1387 2067 1515 2097 sensu

31 2121 182 2162 dixisse
210 2122 374 2164 videtur
405 2123 458 2163 de
488 2123 630 2163 sabula
660 2135 758 2173 sua,
799 2136 906 2176 quae
936 2125 979 2165 in
1010 2130 1246 2165 ceterarum
1277 2107 1519 2168 fabularum'

32 2193 324 2234 commissione
368 2195 536 2235 tertium
578 2194 716 2234 locum
758 2195 905 2236 sortita
951 2201 1054 2236 erat.
1142 2196 1342 2248 Figurate
1388 2210 1514 2238 sensu

32 2262 181 2304 eo'dem
211 2264 338 2304 verbo
369 2277 470 2305 usus
501 2270 566 2305 est
597 2264 802 2306 Pindarus
833 2266 957 2319 Pyth.
993 2267 1050 2309 lV
1082 2266 1190 2305 140:

548 2331 639 2374 ἐντί
666 2335 747 2387 μὲν
778 2334 965 2375 θνατῶν
995 2334 1160 2389 φρένας
1188 2330 1402 2389 ὠκύτεραι

117 2400 270 2458 κέρδος
306 2396 493 2453 αἰνῆσαι
532 2402 617 2458 πρὸ
656 2402 781 2454 δίκας
819 2402 991 2455 δόλιον,
1045 2406 1252 2462 τραχεῖαν
1295 2402 1515 2461 ἑρπόντων

833 2475 944 2534 πρὸς
973 2474 1166 2529 ἑηὶβὸαν
1194 2470 1326 2530 ὅμως.

35 2543 83 2586 ln
118 2545 299 2587 lectione
340 2549 629 2590 constituenda
667 2555 868 2603 sequutus
898 2564 989 2591 sum
1020 2549 1318 2590 Gaissordium.
1380 2550 1513 2591 Turn.

0 2610 3 2649 'l
34 2611 147 2667 μέγα
171 2616 424 2670 χρειογέλως
454 2615 657 2671 ὁμιλετὴς
684 2617 903 2673 mistam.
955 2621 1034 2662 Ed.
1067 2621 1181 2661 Flor.
1212 2614 1313 2673 μέγ’
1344 2615 1515 2675 ἀχρειό-

0 2680 4 2712 *
35 2681 159 2737 7⁶2⁰?
198 2681 226 2725 ὃ
260 2690 422 2741 μϊταῖς.
490 2692 593 2733 Cod.
633 2693 666 2733 C
700 2706 777 2745 pro
815 2685 939 2746 ὅμιλε
979 2691 1075 2738 ταῖς
1114 2692 1241 2733 habet
1282 2687 1511 2744 ὐμιλετεῖν.

37 2756 236 2797 Ceterum
265 2761 374 2812 opud
404 2762 689 2804 Gaisfordium
719 2763 809 2816 ipso
839 2764 982 2812 invito,
1014 2763 1175 2815 opinor,
1207 2764 1269 2820 5²3².
1295 2764 1514 2816 distingui*

94 2837 267 2872 Comoed.
304 2844 375 2874 ant.
1202 2833 1255 2871 13
