1786 3210
242 174 324 223 134
851 171 1064 216 CRATIN
1070 170 1087 212 1

239 295 281 335 in
312 292 471 335 Marica
501 289 611 345 apud
641 287 916 342 Hesychium‚
945 280 1125 326 Δούλων
1154 275 1302 330 πόλιςε
1331 276 1527 332 Εὔπολις
1555 280 1602 324 ἑν
1617 282 1725 325 Μα.

238 361 354 421 ρικᾷ.
383 390 441 397 --
469 359 564 404 ἔστι
594 358 640 400 δὲ
669 357 716 398 ἐν
731 353 887 413 Κρήτῃ
909 356 985 396 καὶ
1001 350 1151 410 Λιβύῃ
1197 355 1378 398 Versum
1399 355 1583 407 tertium,
1601 368 1725 410 quem

238 449 335 478 cum
364 435 535 487 reliquis
566 429 901 482 coniungendam
933 441 1029 468 esse
1061 428 1186 468 etiam
1218 440 1242 468 a
1273 426 1356 467 Th.
1376 427 1558 480 Bergkio
1589 427 1724 480 Epist.

237 507 290 548 ad
327 507 577 548 Schillerum
618 515 660 555 1».
693 501 776 540 118
818 499 1020 540 monitum
1060 498 1204 549 video,
1252 499 1434 539 servavit
1471 499 1725 551 Hesychius,

237 566 814 630 Διονυσοκρουροπυρώνων.
886 566 1112 625 Κρατῖνος
1155 565 1203 608 ἐν
1239 566 1468 625 Σεριφίοις
1515 563 1725 624 Αἰσχρῶν

233 643 541 700 Ἀνδροκλέων
570 633 1006 695 Λιονυσοκουριύνων.
1035 636 1129 680 ἐπεὶ
1159 638 1202 680 οἱ
1233 641 1366 692 (Μιιε.
1395 634 1511 681 εἰσὶν
1539 639 1604 692 οἱ)
1633 653 1724 695 tpa-

235 717 309 759 σὶν
336 715 383 756 ἐν
412 713 473 772 τῷ
502 708 622 770 αὐτῷ
652 711 778 752 πέντε
808 709 1130 768 κωμῳδεῖσθαι
1159 705 1385 766 Αἰσχρόν,
1428 706 1719 767 Ἀνδροκλέα,

233 783 480 835 Διονύσιον,
510 780 676 837 Κῦρον,
707 780 874 836 Πυραῖν
902 785 1036 836 (Mus.
1069 778 1340 839 Ηυρώνην),
1368 778 1720 837 ἁμαρτάνοντες·

232 854 376 906 οὐδεὶς
413 853 496 911 γὰρ
533 849 809 904 Ἀθηναίων
846 850 1155 910 άνάγράφεται
1184 851 1359 909 Κῦρος·
1407 851 1480 895 δεῖ
1502 843 1584 895 οὗν
1613 849 1720 910 γρά-

231 941 332 985 φειν
361 923 916 981 Διονυσοκουροπυρώνων.
946 923 1026 967 τὸν
1055 923 1139 984 γὰρ
1169 922 1390 968 Διόνυσον
1417 925 1577 982 κουρέα
1608 922 1719 966 ὄντα

229 998 474 1058 κωμῳδεῖν·
504 995 682 1055 κουρεὺς
715 995 760 1038 δὲ
790 987 846 1049 ἦν
875 995 985 1054 πρὸς
1015 995 1201 1039 πάππον
1230 999 1460 1049 (Musurus
1489 993 1718 1050 πάππου),

227 1067 287 1120 ὥς
315 1069 448 1121 δηλοῖ
478 1066 502 1111 ὁ
533 1068 612 1119 τὰς
650 1066 935 1119 Ἀταλάνταις
975 1066 1176 1119 συνθείς.
1243 1071 1305 1111 Ita
1344 1071 1450 1111 haec
1487 1070 1530 1111 in
1567 1070 1715 1110 codice

227 1144 381 1197 scripta
412 1148 520 1184 sunt.
580 1143 764 1184 Primam
796 1144 983 1184 Cratinei
1013 1143 1192 1184 nominis
1222 1145 1382 1195 partem
1414 1140 1715 1181 Διονυσιο-

226 1210 567 1269 κουροπυρώνης
597 1214 860 1256 scribendam
892 1228 985 1256 esse
1014 1215 1096 1255 lam
1127 1214 1226 1254 olim
1258 1214 1413 1254 monui.
1462 1214 1593 1266 quue
1622 1226 1715 1254 eam

225 1300 391 1340 quoque
430 1288 483 1328 ob
522 1299 708 1328 caussam
750 1287 1032 1327 necessarium
1064 1290 1152 1335 est,
1191 1285 1384 1338 quoniam
1416 1285 1623 1338 Dionysus
1649 1285 1714 1331 in·-

225 1357 411 1399 auditum
450 1359 600 1400 Atticis
638 1371 792 1400 nomen
830 1362 909 1398 est.
979 1357 1180 1398 Similiter
1225 1356 1452 1397 formatum
1497 1360 1561 1397 est
1599 1354 1711 1409 quod

225 1429 455 1472 Nicarchus
498 1431 658 1471 comice
694 1430 814 1471 finxit
867 1442 1020 1469 nomen
1059 1422 1586 1481 Διονυσιοπηγάνόδωρος
1625 1427 1711 1467 Au-

224 1500 329 1542 thol.
361 1501 450 1541 Pal.
482 1501 522 1542 11
554 1501 710 1556 p.324.
752 1501 987 1542 Tonsorem
1017 1499 1151 1541 fuisse
1179 1500 1294 1541 hunc
1323 1499 1567 1552 Dionysium
1596 1503 1710 1550 eam-

224 1584 307 1625 que
336 1577 467 1613 artem
498 1573 549 1613 ab
584 1586 660 1614 avo
692 1572 924 1626 accepisse,
956 1573 1080 1612 etiam
1112 1572 1331 1613 Atalantae
1361 1576 1507 1611 auctor
1537 1569 1710 1618 dixerat,

224 1643 279 1684 de
309 1656 389 1697 qua
419 1644 561 1686 fabula
591 1644 655 1685 cfr
684 1644 795 1685 Hist.
826 1644 918 1684 crit.
949 1657 990 1697 p.
1022 1643 1120 1685 225.
1190 1644 1377 1685 Tertiam
1409 1642 1588 1683 nominis
1616 1653 1710 1694 par-

223 1720 311 1755 tem
342 1716 610 1769 corruptelae
640 1717 778 1770 arguit
809 1716 952 1755 vitium
983 1716 1225 1765 metricum,
1263 1715 1305 1755 in
1346 1727 1427 1767 quo
1458 1727 1504 1754 se
1533 1713 1711 1752 haerere

223 1787 403 1840 negabat
434 1787 690 1829 Fritzschius
719 1788 812 1828 Act.
844 1787 999 1828 Societ.
1031 1800 1094 1840 gr.
1127 1787 1145 1826 1
1176 1785 1333 1839 p.145.
1391 1786 1587 1826 Fortasse
1608 1785 1709 1824 Cra-

222 1858 334 1900 tinus
363 1860 586 1912 scripserat
615 1853 1185 1912 Λιονυσιοκουρομυρώνων,
1219 1861 1264 1897 ut
1293 1861 1365 1897 aut
1388 1857 1512 1909 Myro
1543 1855 1709 1908 quidam

223 1930 538 1983 adsignificetur
569 1936 640 1972 aut
669 1931 852 1971 luxuries
864 1930 1050 1983 Dionysii
1081 1933 1263 1978 notetur,
1296 1941 1420 1981 quem
1450 1929 1494 1968 in
1525 1926 1710 1968 tabernis

222 2000 507 2055 unguentariis
554 2003 731 2044 multum
783 2006 992 2042 versatum
1040 2014 1133 2041 esse
1179 2001 1303 2040 docet
1347 1999 1545 2053 Polyzeli
1588 1998 1707 2038 locus

222 2074 334 2128 apud
363 2071 495 2114 schol.
527 2074 606 2114 MS
640 2073 694 2117 ad
722 2073 935 2126 Aristoph.
967 2073 1078 2113 Plut.
1109 2072 1194 2112 550
1233 2066 1257 2110 ὁ
1296 2071 1377 2124 μὲν
1415 2059 1710 2124 ἀξιωματικὸς

221 2144 298 2187 καὶ
327 2139 553 2194 αὐθάδης,
584 2139 608 2184 ὁ
641 2141 687 2183 δὲ
715 2138 995 2198 μαινόμενος.
1058 2138 1328 2192 Πολύζηλος,

389 2212 414 2256 ὁ
444 2210 714 2270 μαινόμενος
743 2211 930 2254 ἐκεινοσὶ
961 2208 1206 2265 Διονύσιος,

387 2284 583 2343 χρυσοῦν
612 2282 721 2340 ἔχων
746 2282 944 2340 χλίδωνοι
975 2284 1050 2325 καὶ
1078 2279 1363 2339 τρυφήματα,

389 2356 437 2399 ἐν
466 2357 526 2416 τῷ
554 2356 677 2416 μύρῳ
707 2356 820 2412 παρ’
845 2351 1125 2407 Ἀθηναὶων
1154 2350 1454 2410 μακαρίζει-αι.
1492 2355 1533 2406 *)

222 2431 267 2472 Si
303 2434 441 2473 tamen
475 2432 511 2472 is
548 2431 661 2472 idem
701 2435 764 2472 est
795 2431 1030 2484 Dionysius.
1101 2428 1186 2470 Sed
1228 2427 1268 2467 in
1310 2423 1578 2467 bocci-atini
1609 2423 1704 2463 loco

223 2503 360 2545 omnia
397 2502 489 2554 fere
527 2503 686 2545 incerta
723 2507 842 2545 sunt:
882 2515 974 2544 nam
1012 2501 1047 2542 si
1087 2512 1218 2555 κουρο
1256 2497 1361 2539 illud
1397 2496 1449 2537 ad
1491 2500 1704 2538 tonsorem

313 2733 349 2777 ⁴)
375 2731 655 2767 Communicavit
677 2744 811 2768 mecum
837 2733 902 2768 hoc
927 2733 1084 2768 scholion
1111 2732 1154 2767 G.
1179 2728 1402 2772 Dindorfius,
1428 2727 1528 2763 cuius
1552 2724 1706 2763 comitati

222 2794 399 2840 complura
423 2793 579 2828 eiusdem
604 2794 744 2838 generis
767 2795 835 2830 alia
859 2796 982 2830 debeo.
