1786 3210
211 213 294 253 402
825 205 1112 249 HERMH'P!

621 462 1085 509 ΣΤΡΛΤΙΩ
1125 463 1303 506 ΤΑΙ.

946 594 977 634 Ι.

613 681 673 722 A.
713 678 851 738 Χαῖρ’
888 671 920 721 ὦ
955 676 1219 723 διαπόντιον

614 763 882 823 στράτευμα,
913 764 956 807 τί
985 763 1257 824 πράττομεν,-

611 850 666 893 τὰ
698 854 778 907 μὲν
809 850 918 908 πρὸς
948 848 1061 907 ὄψιν
1090 847 1301 907 μαλακῶς

615 936 729 994 ἔχειν
758 936 847 979 ἀπὸ
880 935 1100 993 σώματος,

558 1026 586 1065 5
615 1021 731 1081 κόμῃ
761 1039 807 1065 τε
836 1022 1014 1082 νεανικῇ

614 1107 794 1166 σφρίγει
823 1124 869 1151 τε
901 1104 1164 1165 βραχιόνων.

615 1194 672 1238 Β.
704 1191 860 1253 ᾔσθου
889 1193 969 1236 τὸν
989 1191 1198 1248 ’Ἄβυδον
1226 1190 1285 1242 ὠς

614 1278 727 1337 ἀνὴρ
757 1280 1012 1336 γεγένηται,-

332 1395 574 1436 Athenaeus
605 1395 687 1437 xu
715 1410 759 1449 p.
790 1396 874 1436 524
893 1395 934 1435 f:
989 1393 1065 1434 καὶ
1099 1388 1353 1446 Ἀβυδηνοὶ
1395 1420 1448 1427 -
1488 1388 1714 1448 ἀνειμένοι·

217 1461 301 1515 τὴν
331 1460 512 1504 δίαιτάν
541 1458 626 1506 εἶσι
655 1465 730 1506 καὶ
760 1462 1044 1518 κατεαγότες,
1072 1459 1131 1513 ὠς
1162 1461 1434 1519 παρίστησιν
1453 1457 1708 1520 ’Ἕρμιππος

217 1534 264 1577 ἐν
286 1531 590 1590 Στρατιώταις
623 1534 763 1593 Χαῖρ’
796 1527 829 1578 ὦ
862 1533 1126 1578 διαπόντιον
1154 1534 1246 1578 κτλ.
1305 1538 1498 1590 „Nempe
1529 1533 1708 1589 ξεναγὸς

178 1653 181 1656 ,
219 1608 386 1662 quidam
419 1609 571 1651 milites
602 1610 832 1659 Asiaticos,
864 1610 1005 1663 specie
1038 1609 1256 1662 egregios,
1294 1621 1340 1649 re
1370 1609 1564 1662 ignavos,
1603 1608 1711 1649 ‹zon-v

218 1681 439 1720 traxerat.’'
516 1680 730 1721 nolu-aeus
773 1681 947 1722 Advers.
989 1681 1027 1721 11
1067 1693 1107 1733 p.
1148 1680 1247 1720 339.
1317 1681 1475 1721 Versus
1525 1678 1710 1728 distinxit

218 1752 379 1804 primus
410 1751 594 1791 omnium
626 1752 879 1793 Dindorfius.
940 1753 1014 1795 Vs.
1046 1752 1068 1791 1
1115 1745 1252 1805 Χαῖρ’
1284 1740 1318 1790 ὦ
1350 1764 1426 1805 pro
1452 1746 1594 1804 χαίρω
1627 1751 1707 1792 Do-

219 1823 370 1863 braeus
403 1827 446 1862 et
477 1823 556 1862 Th.
589 1823 794 1876 Bergkius
825 1824 1060 1864 Comment.
1092 1836 1134 1875 p.
1165 1822 1263 1863 324.
1304 1846 1354 1853 —-
1397 1823 1470 1865 Vs.
1501 1823 1528 1862 2
1566 1833 1708 1876 πρατ-

219 1891 415 1946 τομένων
454 1894 576 1934 ΑΒΡ.
635 1887 939 1947 πραττόμενος
978 1895 1066 1935 VL.
1125 1888 1375 1948 πράττομεν
1412 1893 1626 1935 Dobraeus
1665 1897 1708 1934 et

218 1965 437 2019 Bet-gidus,
469 1965 538 2017 qui
567 1965 595 2004 3
629 1969 672 2006 et
703 1965 729 2005 4
759 1966 816 2006 ita
846 1966 1071 2007 restituere
1102 1969 1275 2006 conatus
1306 1968 1395 2007 est:
1696 1957 1698 1961 ⁵

592 2032 648 2075 B.
687 2033 754 2075 Τὰ
781 2035 863 2090 μέν
892 2031 940 2089 y'
974 2031 1064 2075 ἀπὸ
1097 2029 1302 2088 σώματος

587 2102 696 2162 πρὸς
727 2102 838 2160 ὄψιν
868 2103 953 2160 ἔχει
982 2103 1138 2154 καλῶς.

220 2175 349 2219 Vs.5.
370 2177 410 2216 6.
443 2174 620 2234 νεανικῇ
650 2173 828 2233 σφρίγει
844 2178 1139 2221 Villebrunius.
1171 2177 1309 2231 Vulgo
1340 2172 1516 2232 νεανικῇ
1545 2167 1704 2228 φρίγει.

218 2249 252 2290 Β
285 2245 484 2296 νεανικῆς
514 2244 672 2301 φρίγει.
706 2275 762 2283 —
792 2250 909 2291 Vs.7
932 2250 1018 2289 etS
1049 2249 1171 2289 alteri
1200 2247 1491 2288 interlocutori
1521 2245 1707 2286 tribuen-

220 2319 296 2361 dos
345 2324 387 2359 et
426 2331 502 2372 per
547 2320 918 2373 interrogationem
970 2319 1209 2360 efferendos
1254 2332 1348 2359 esse
1386 2317 1489 2359 vidit
1526 2316 1706 2357 Dindor-

219 2391 314 2431 fius.
383 2389 468 2430 Sed
499 2390 607 2430 male
637 2391 749 2430 idem
780 2390 959 2431 coniecit
988 2386 1068 2429 τὸν
1095 2384 1331 2442 Ἀβυδόθ’
1363 2382 1422 2436 ὥς
1452 2391 1532 2429 etc.
1563 2399 1706 2441 quam·

220 2474 344 2515 quam
374 2461 565 2514 probavit
593 2462 821 2514 BergRius,
864 2461 1124 2503 Alcibiadem
1156 2459 1366 2513 designari
1395 2463 1540 2508 ratus,
1580 2470 1705 2510 quem
1770 2517 1772 2520 .

220 2533 396 2573 multum
433 2531 569 2585 Abydi
599 2537 810 2572 versatum
843 2545 935 2572 esse
966 2532 1107 2584 ibique
1137 2537 1270 2572 totum
1302 2544 1395 2571 sese
1424 2528 1704 2581 voluptatibus

221 2598 387 2643 dedisse
429 2608 604 2644 constat.
673 2603 758 2643 Sed
791 2597 1032 2653 ’Λβυδόθε
1063 2614 1140 2655 pro
1169 2597 1434 2653 Ἀβυδόθεν
1462 2597 1610 2639 Atticis
1641 2597 1704 2637 di-

220 2686 319 2714 cere
355 2674 524 2713 minime
562 2674 691 2714 licuit.
758 2673 840 2713 Pro
877 2668 956 2711 τὸν
998 2673 1032 2712 L
1071 2673 1198 2712 habet
1234 2667 1328 2721 τήν.
1378 2665 1584 2722 ”Αβυδος
1621 2675 1714 2710 non'
1785 2675 1786 2713 ἲ

220 2755 344 2786 secus
373 2756 421 2784 ae
432 2738 597 2793 Πύλος,
627 2737 817 2795 Σηστός,
846 2737 1082 2798 Κόρινθος
1112 2746 1154 2783 et
1183 2743 1263 2782 alia
1287 2742 1409 2782 etiam
1431 2739 1704 2782 masculinum
1784 2746 1786 2779 i

219 2813 354 2856 fuisse
395 2815 520 2856 docet
556 2815 824 2868 proverbium
859 2810 920 2868 μή
953 2807 1048 2863 εἰκῆ
1078 2809 1155 2853 τὸν
1173 2808 1385 2866 ’Ἀβυδον
1415 2811 1526 2867 apud
1555 2811 1703 2853 Gram-
