1786 3210
208 147 295 190 44⁰
802 150 1110 196 EUPomms

544 394 941 439 ΑΥΤΟΛΥΚΟΣ
965 394 1023 440 A'
1054 398 1179 441 KAI
1202 394 1273 442 B'.
1333 401 1375 453 ²⁸¹)

944 534 977 575 1.

242 639 345 684 Ἐπὶ
374 640 631 699 καινοτέρας
661 637 782 694 ἰδέας
812 642 985 700 ἀσεβῶν
1009 643 1124 700 βίον,
1152 635 1186 686 ὦ
1216 640 1462 702 μοχθηρός,
1493 642 1671 701 ἕτριβες.

240 724 299 771 Β.
331 726 422 777 πῶς
440 717 476 769 ai
507 727 682 771 πολλῶν
712 727 798 783 ἤδη
825 728 1035 773 λοπάδων
1057 729 1159 781 τοὺς
1188 728 1400 787 ἄμβωνας
1415 729 1674 789 περιλείξας.

328 844 554 887 Erotianus
584 846 714 899 gloss.
744 848 948 901 Hippocr.
979 861 1022 902 p.
1052 848 1109 888 88
1140 847 1206 889 ed.
1237 849 1388 889 Franz.
1441 842 1704 903 Ἐπίθερσις

216 908 267 953 δ’
294 910 343 954 ἐν
372 910 417 968 β’
448 913 537 956 τῶν
566 915 721 969 λέξεων
751 913 940 972 ἄμβωνά
970 932 1085 973 φησι
1107 917 1251 973 χεῖλος
1280 909 1396 959 εἶναι
1424 913 1603 967 σκεύους
1629 918 1706 959 καὶ

217 981 300 1035 τῆς
338 980 531 1036 ἀσπίδος
569 984 620 1028 τὸ
660 986 769 1044 πρὸς
805 984 921 1047 αὐτῇ
963 987 1018 1049 τῇ
1057 987 1159 1032 ἴτυϊ.
1224 984 1556 1046 Ἀριστοφάνης
1593 987 1640 1030 δὲ
1678 985 1704 1031 ὃ

213 1054 404 1111 κωμικὸς
454 1056 502 1099 έν
539 1055 782 1118 Αὐτολύκῳ
823 1057 978 1116 φησίν,
1022 1059 1116 1102 ἐπὶ
1164 1060 1504 1117 καινοτέρας
1555 1055 1708 1111 ἰδέας

214 1122 454 1182 ἇσέβιον
491 1125 515 1171 ὁ
557 1129 853 1189 μοχθηρὸς
899 1129 1119 1188 ἔτριβες
1162 1128 1313 1190 πόσῳ
1351 1130 1569 1174 πολλῶν
1616 1130 1706 1172 λο-

215 1195 407 1241 πάδων
433 1198 561 1250 τοὺς
592 1198 861 1257 ἄμβωνας
891 1201 1148 1260 περιλεὶξας.
1210 1206 1256 1246 In
1287 1206 1353 1246 his
1383 1204 1707 1257 Aristophanem

215 1274 444 1314 memoriae
484 1287 629 1315 errore
658 1289 734 1329 pro
767 1276 979 1328 Eupolide
1009 1276 1266 1316 nominatum
1297 1290 1390 1316 esse
1421 1281 1515 1319 ante
1545 1278 1707 1319 Seidle-

72 1401 91 1418 ·
124 1383 136 1399 Ι
215 1356 323 1394 rum,
355 1345 425 1397 qui
455 1345 557 1386 dixit
587 1359 636 1386 ea
666 1347 720 1387 de
750 1360 797 1386 re
827 1347 867 1387 in
901 1347 1193 1388 dissertatione
1224 1348 1276 1387 de
1306 1348 1593 1401 Aristophanis
1622 1348 1710 1390 fra-

215 1415 408 1468 gmentis,
440 1417 542 1457 vidit
572 1418 807 1459 Coddaeus.
867 1419 1053 1460 Consors
1085 1419 1241 1459 erroris
1260 1419 1507 1473 Apollonius
1537 1421 1589 1461 ad
1602 1420 1709 1475 Hip-7

215 1497 333 1539 pocr.
371 1488 452 1529 vol.
494 1488 513 1530 I
551 1502 592 1542 p.
625 1489 704 1529 10:
751 1483 1086 1542 ἀναγέγραπται
1134 1487 1180 1528 δὲ
1229 1485 1393 1542 ὁμοίως
1429 1485 1590 1544 ἄμβων
1630 1487 1709 1539 τῆς

216 1552 415 1606 λοπάδος
451 1553 504 1598 τὸ
540 1554 840 1616 περικείμενον
869 1558 1025 1613 χεῖλος.
1110 1554 1448 1615 Ἀριστοφάνης
1502 1555 1527 1600 ὁ
1565 1558 1710 1601 πολ-

217 1624 327 1669 λῶν
370 1626 627 1670 λοπάδων
666 1627 802 1679 τοὺς
844 1626 1110 1686 ἄμβωνας
1156 1627 1488 1685 περιλεὶξας.
1539 1635 1541 1638 “
1577 1633 1651 1674 Vs.
1681 1633 1707 1673 1

218 1712 296 1753 pro
335 1696 519 1754 άσέβιον
562 1703 709 1756 scripsi
747 1697 924 1755 ἀσεβῶν
965 1696 1089 1754 βίον,
1138 1706 1182 1743 et
1221 1691 1255 1741 ὦ
1294 1699 1528 1756 μοχθηρὸς
1570 1716 1648 1757 pro
1686 1697 1711 1743 ὃ

218 1768 455 1831 μοχθηρός
493 1786 587 1814 cum
626 1775 809 1828 Bergkio
851 1776 1085 1815 Comment.
1125 1787 1167 1827 p.
1198 1774 1296 1824 347,
1345 1775 1415 1827 qui
1455 1778 1571 1815 recte
1606 1774 1711 1816 duos

219 1840 414 1884 homines
443 1857 595 1897 pravos
639 1851 681 1885 et
712 1846 897 1886 abiectos
936 1846 1047 1885 inter
1084 1859 1130 1885 se
1167 1845 1349 1885 rixantes
1385 1846 1578 1886 inductos
1617 1858 1711 1887 esse
1756 1862 1761 1868 ·

220 1916 377 1965 statuit,
409 1929 614 1968 „quorum
643 1905 764 1967 unus,
796 1930 890 1957 cum
921 1917 1042 1957 alteri
1070 1917 1209 1966 vitam,
1241 1929 1364 1969 quam
1394 1930 1501 1958 novo
1532 1918 1711 1970 quodam

220 1985 368 2036 modo,
411 1987 502 2028 sine
532 1988 619 2028 ullo
650 1980 842 2041 exemplo
873 1993 967 2041 agat
994 1989 1226 2041 improbam
1258 1991 1300 2028 et
1329 1988 1609 2039 inhonestam,
1639 2001 1711 2030 ex-

220 2057 454 2109 probasset,
483 2059 557 2099 ille
588 2059 768 2100 eundem
799 2063 993 2112 tanquam
1022 2060 1306 2112 impudentem
1330 2060 1555 2113 parasitum
1587 2059 1711 2100 casti-

162 2162 165 2163 7
220 2127 332 2182 gat?
390 2128 474 2169 Pro
505 2125 679 2182 ἀσεβῶν
709 2126 811 2182 βίον
839 2130 973 2184 possis
1005 2131 1128 2170 etiam
1159 2124 1306 2182 ἀσεβῆ
1337 2125 1439 2182 βίον
1469 2143 1564 2171 cum
1593 2130 1707 2171 Her-

220 2199 516 2242 manno-mar.
545 2201 660 2254 Lips.
693 2201 805 2242 1829
836 2214 878 2254 p.
908 2202 1021 2242 1620
1059 2203 1102 2241 et
1131 2200 1214 2242 Th.
1246 2201 1451 2254 Bergkio,
1489 2205 1532 2249 et
1568 2213 1647 2254 pro
1674 2187 1712 2239 ὦ

220 2267 455 2324 μοχθηρὸς
497 2284 592 2312 eum
625 2272 862 2322 Dindorfio,
904 2273 974 2324 qui
1019 2272 1146 2312 verba
1186 2268 1259 2310 ἐπὶ
1296 2269 1553 2326 καινοτέρας
1591 2265 1714 2320 ἰδέας

221 2353 316 2382 cum
346 2343 537 2383 Erotiani
567 2344 705 2384 verbis
735 2344 967 2395 coniunxit,
1004 2337 1062 2391 ώς
1088 2337 1352 2397 μοχθηρόν,
1391 2347 1439 2384 ut
1474 2347 1588 2384 totus
1617 2355 1711 2384 ver-

221 2424 293 2454 sus
323 2413 381 2454 ita
409 2415 636 2456 scribatur:

277 2479 351 2523 έπὶ
378 2483 636 2539 καινοτέρας
666 2480 786 2530 ἰδέας
815 2478 992 2544 ἀσεβῶν
1015 2479 1118 2535 βίον
1146 2479 1205 2532 ὠς
1233 2481 1472 2539 μοχθηρὸν
1501 2479 1681 2537 ἔτριβες.

223 2555 296 2596 Vs.
325 2556 353 2596 2
401 2561 569 2610 praeter
608 2549 812 2597 Galenum
845 2556 896 2595 ad
923 2543 1126 2609 Hippocr.
1158 2557 1238 2597 vol.
1269 2557 1351 2597 ΧΠ
1381 2570 1422 2609 p.
1450 2554 1533 2594 301
1566 2554 1711 2595 Chart.

221 2620 298 2664 καί
334 2637 399 2675 τις
437 2623 526 2666 τῶν
561 2624 764 2681 κωμικῶν
800 2623 974 2665 ἐπεῖπεν
1002 2620 1290 2665 ἐπισκώπτων
1324 2622 1425 2666 τινὰ
1463 2621 1572 2678 (δὲ)
1616 2622 1717 2664 τῶν

318 2772 347 2815 “)
373 2773 413 2809 V.
440 2773 529 2810 Hist.
555 2775 630 2811 orit„
657 2789 690 2821 p.
717 2775 785 2812 116
810 2785 864 2819 sq.
