1786 3210
211 183 296 224 436
804 180 1111 222 EUPOLIDIS

212 295 332 347 (fort.
363 293 460 347 καὶ)
492 289 684 342 Εὔπολις
713 290 760 333 ἐν
793 288 1135 348 Ἀστρατεύτοις
1184 288 1464 349 Πείσανδρος
1512 286 1576 342 εἷς
1595 291 1708 335 ,Πα-

212 362 380 407 κτωλὸν
409 363 499 406 κτλ.
575 366 697 419 Quod
737 358 799 414 εἰς
834 362 1085 405 Πακτωλὸν
1126 366 1435 417 expeditionem
1470 367 1708 420 suscepisse

215 438 372 478 dicitur
403 438 630 487 Pisander‚
670 438 722 477 ad
755 436 965 477 avaritiam
997 441 1039 477 et
1068 438 1307 490 peculatum
1337 437 1518 478 hominis
1546 438 1706 479 refere-

215 511 326 560 bam,
358 509 496 562 quode
528 509 610 548 dixi
641 509 751 549 Hist.
770 509 860 548 crit.
883 522 923 560 p.
942 509 1038 548 177.
1098 509 1287 549 Eandem
1317 509 1706 562 interpretationem
1771 514 1774 556 ζ

214 583 494 635 proposuerat
533 580 614 619 iam
646 580 835 632 Toupius
867 578 1045 619 Emend.
1078 579 1118 618 11
1151 593 1191 632 p.
1222 581 1290 620 68.
1357 581 1442 621 Sed
1477 583 1621 630 recte,
1662 585 1710 621 ut

215 652 316 692 mihi
347 651 515 703 quidem
545 651 725 701 videtur,
757 651 937 690 obvertit
965 650 1182 690 Hanovius
1215 654 1364 692 Exerc.
1394 653 1485 693 crit.
1502 666 1543 705 p.
1561 652 1618 692 80
1647 665 1708 704 sq.

214 724 250 764 si
290 723 503 763 avaritiam
541 723 740 762 irrisurus
783 721 958 775 Eupolis
1001 723 1310 774 expeditionem
1348 737 1371 762 a
1401 723 1603 763 Pisandro
1645 722 1709 763 fa-

216 797 323 834 ctam
356 807 451 833 esse
482 793 626 833 iocose
653 794 854 842 finxisset,
879 806 960 833 non
990 786 1199 832 κάκιστον
1229 794 1272 834 in
1303 807 1403 834 auro
1435 792 1710 846 expugnando

215 867 289 906 sed
320 859 505 918 ἄριστον
533 865 748 905 hominem
779 864 1002 905 dicendum
1032 864 1177 906 fuisse.
1237 865 1381 918 Itaque
1411 878 1488 918 pro
1518 863 1710 905 Πακτω-

215 933 294 976 λὸν
335 937 504 977 coniicit
546 937 813 976 scribendum
854 949 947 976 esse
987 930 1263 990 Σπαρτωλόν
1292 939 1357 988 *),
1393 936 1506 977 illam
1542 936 1711 990 expedi-

216 1010 372 1049 tionem
423 1008 665 1061 intelligens
715 1020 839 1060 quam
878 1007 1160 1048 Athenienses
1199 1008 1364 1061 Olymp.
1408 1008 1644 1050 LXXXVII
1683 1008 1711 1048 4

216 1084 359 1121 eontra
388 1080 601 1119 Bottiaeos
632 1080 870 1132 suscepisse
909 1078 1038 1118 tradit
1069 1079 1263 1132 Thucyd.
1297 1079 1337 1119 11
1366 1079 1438 1120 79.
1505 1080 1569 1120 Ea
1610 1092 1709 1132 per-

218 1151 388 1204 elegans
419 1149 657 1190 emendatio
690 1154 767 1199 est,
788 1149 975 1202 quamvis
1001 1149 1283 1190 adversarium
1300 1153 1417 1189 nacta
1432 1149 1710 1191 Fritzschium

217 1222 271 1263 ad
301 1220 515 1274 Aristoph.
548 1220 809 1274 Thesmoph.
836 1234 877 1273 p.
895 1221 994 1261 317.
1055 1221 1127 1262 Vs.
1145 1221 1172 1260 2
1201 1221 1326 1273 vulgo
1358 1218 1434 1268 τῆς
1465 1218 1546 1270 σῆς
1575 1233 1711 1275 στρα-

216 1287 350 1339 τείας.
419 1291 629 1333 Arnaldus
668 1291 778 1343 apud
809 1290 1092 1331 Gaisfordium
1124 1291 1175 1330 ad
1205 1290 1439 1343 Hephaest.
1469 1305 1512 1345 p.
1542 1293 1596 1332 99
1633 1288 1712 1342 τῆς

216 1355 322 1413 ὅλης
353 1360 578 1417 στρατιᾶς,
621 1363 812 1415 Toupius
842 1363 1021 1403 Emend.
1054 1362 1094 1403 11
1125 1376 1166 1415 p.
1197 1363 1252 1402 68
1292 1359 1369 1411 τῆς
1399 1357 1545 1412 πάσης
1574 1375 1711 1417 στρα-

217 1433 348 1485 τιᾶς,
386 1439 567 1487 uterque
597 1447 742 1474 vocem
774 1430 886 1487 ἀνὴρ
924 1435 966 1474 in
998 1434 1111 1473 tertii
1135 1446 1277 1473 versus
1307 1434 1469 1475 initium
1500 1435 1708 1486 reiiciens.

219 1508 304 1549 Sed
333 1508 413 1547 hoc
442 1505 546 1546 ferri
576 1505 642 1544 vix
671 1509 825 1557 potest.
885 1506 1031 1557 Itaque
1063 1505 1294 1545 Pol-sonum
1325 1507 1433 1558 App.
1465 1506 1517 1546 ad
1550 1507 1704 1559 Toupii

219 1578 398 1620 Emend.
428 1591 467 1630 p.
500 1577 584 1616 467
615 1580 816 1628 sequutus
848 1589 954 1616 sum.
1014 1576 1086 1616 ⁵De
1116 1569 1323 1629 στρατιά,
1365 1576 1476 1628 quod
1515 1576 1596 1617 fuit
1634 1577 1706 1629 qui

219 1663 298 1703 pro
329 1642 541 1702 στρατεία
572 1648 653 1687 hoc
681 1647 775 1686 loco
806 1647 988 1700 positum
1019 1651 1208 1700 putaret,
1237 1647 1346 1688 iufra
1377 1647 1429 1688 ad
1458 1648 1711 1703 Fragmenta

218 1722 474 1763 incertarum
505 1717 741 1759 fabularum
773 1717 929 1760 dictum
960 1723 1039 1760 eat.

942 1855 996 1898 11.

335 1965 571 2008 Scholiasta
608 1964 821 2018 Aristoph.
862 1964 960 2005 Pac.
997 1962 1104 2003 808:
1152 1952 1222 2000 ὅτι
1267 1956 1351 2015 γὰρ
1387 1955 1411 2001 ὁ
1445 1954 1712 2010 Μελάνθιος

219 2032 456 2092 ὀψοφάγος
488 2034 747 2090 προείρηται
776 2034 853 2074 καὶ
882 2029 993 2087 παρ’
1022 2026 1242 2072 Εὐπόλιδι
1270 2030 1317 2071 ἐν
1343 2026 1707 2085 Ἀστρατεύτοις.

223 2108 336 2148 Hinc
366 2109 632 2149 Astrateutos
663 2112 761 2147 ante
792 2106 943 2146 Pacem
974 2104 1019 2144 h.
1050 2116 1088 2143 e.
1119 2107 1214 2143 ante
1242 2103 1408 2156 Olymp.
1437 2103 1653 2144 LXXXIX
1681 2106 1710 2145 2

221 2180 265 2219 in
294 2191 460 2219 scenam
501 2179 744 2219 commissos
784 2189 889 2218 esse.
915 2174 1076 2227 colligit
1111 2174 1354 2224 Clintonus,
1395 2185 1519 2226 quem
1556 2187 1710 2227 sequu-

223 2254 292 2290 tus
333 2262 425 2290 sum
462 2250 575 2291 Hist.
613 2251 703 2289 crit.
734 2262 776 2302 p.
810 2248 892 2287 118
931 2249 973 2286 et
1003 2245 1100 2284 177.
1133 2246 1196 2295 **)
1262 2245 1348 2286 Sed
1385 2246 1427 2286 in
1462 2245 1710 2287 scholiastae

223 2321 364 2362 verbis
392 2321 549 2361 rectius
578 2325 675 2375 post
705 2314 964 2375 προείρηται
992 2315 1202 2357 inciditur.

313 2465 344 2510 ‘)
377 2465 547 2501 Debebat
582 2466 815 2513 Σπάρτωλον.
872 2464 1044 2500 Arcadius
1067 2476 1101 2509 p.
1125 2464 1174 2500 57
1196 2465 1243 2500 16
1271 2464 1314 2500 τὸ
1345 2466 1468 2510 μέντοι
1497 2459 1711 2508 Σπάρτωλος

223 2525 422 2572 βαρύνεται.
468 2527 582 2572 Atque
606 2527 654 2561 ita
677 2527 845 2571 scriptum
869 2525 1008 2570 reperio
1034 2525 1125 2569 apud
1149 2523 1307 2568 Thucyd.
1333 2527 1364 2559 ΙΙ
1387 2525 1446 2560 79.
1479 2524 1507 2558 V
1531 2522 1589 2557 18.
1634 2522 1709 2556 Mi-

221 2598 287 2620 nus
321 2591 418 2621 recte
453 2584 670 2633 Σπαρτωλός
713 2587 803 2632 apud
843 2586 1056 2630 Stephanum
1094 2586 1181 2628 Byz.
1223 2597 1248 2620 s.
1278 2597 1311 2620 v.
1351 2590 1387 2620 et
1421 2582 1513 2628 apud
1546 2581 1709 2616 Photium
1785 2605 1786 2623 ³

223 2658 256 2691 p.
280 2647 350 2682 529
375 2649 433 2690 23,
460 2648 519 2682 ubi
544 2648 637 2692 quod
660 2647 760 2687 πόλις
782 2642 844 2690 τῆς
861 2642 1086 2689 Ἀττικῆς
1110 2640 1132 2688 ἦ
1155 2644 1371 2691 Σπαρτωλὸς
1395 2644 1527 2686 dicitur,
1551 2646 1709 2688 apertum
1785 2664 1786 2685 3

223 2711 275 2742 est
298 2707 365 2741 hoc
387 2708 555 2742 mendose
581 2707 747 2752 scriptum
772 2718 850 2741 esse
873 2717 936 2752 pro
960 2707 1211 2748 Βαιτικῆς,

289 2779 341 2824 ¹⁸'')
366 2783 569 2827 Imprudens
592 2783 641 2817 ihi
665 2782 788 2827 scripsi
815 2783 869 2817 Ol.
894 2782 1112 2817 LXXXVIII
1134 2781 1159 2815 4
1182 2791 1246 2825 pro
1271 2780 1328 2818 Ol.
1352 2779 1536 2815 LXXXIX
1559 2780 1593 2813 2.
