1786 3210
259 167 343 222 ,5⁹⁶
819 165 1158 214 ,rammam

963 279 1038 321 111.

359 366 518 407 Pollux
548 364 586 405 X
620 363 727 405 159·
766 363 841 404 καὶ
874 363 1304 424 χοιροτροφεῖον
1342 362 1413 414 δέ,
1451 362 1498 405 ἐν
1535 356 1570 422 ᾧ
1589 368 1742 463 χοῖροι

259 436 511 492 τρέφονται,
541 431 599 482 ὠς
633 430 823 481 Εὔπολις
850 434 926 474 καὶ
953 430 1174 489 Φρύνιχος
1209 431 1501 489 Ποαστρίαις.

965 547 1037 589 lv.

370 633 642 687 Ilarpocratio
681 647 722 686 p.
753 632 808 673 75
846 632 924 672 23:
965 624 1036 672 ὅτι
1075 629 1122 672 δὲ
1155 630 1227 672 ἐπὶ
1269 631 1435 682 παντὸς
1469 632 1546 674 τοῦ
1574 631 1620 674 ἐκ
1650 632 1739 673 τῶν

257 702 383 746 ἰδίων
412 702 736 758 ἐκβαλλομένου
765 698 973 743 τάττεται
1001 699 1199 758 τοῦνομα
1239 701 1518 758 (ἑξούλη),
1555 705 1630 746 καὶ
1659 700 1737 758 οὐχ

256 773 315 826 ὡς
350 775 491 818 οἴεται
521 771 753 823 Καικίλιος
790 769 940 828 μόνων
982 773 1070 815 τῶν
1107 773 1152 815 ἐκ
1182 774 1423 827 καταδίκης
1453 772 1738 831 ὀφειλόντων,

256 849 332 890 καὶ
366 844 583 904 Φρύνιχος
612 844 659 887 ἐν
692 843 969 902 Ποαστρίαις
999 843 1137 896 δῆλον
1167 847 1297 890 ποιεῖ.

678 1036 860 1101 ’Ὠσπερ
889 1043 997 1100 ἐμὸν
1028 1043 1166 1098 αὐτῆς
1196 1044 1325 1089 ἴδιον.

372 1149 611 1191 Priscianus
643 1149 742 1191 Inst.
773 1149 914 1192 XVIII
946 1164 986 1204 p.
1017 1152 1071 1191 71
1105 1150 1170 1191 ed.
1202 1150 1344 1191 Krchl.
1376 1156 1418 1191 et
1451 1150 1562 1204 quod
1587 1141 1741 1190 mirum

258 1226 335 1270 est,
367 1221 442 1260 Ιιοο
472 1222 609 1274 ipsum
640 1216 791 1258 ἴδιον
822 1222 955 1262 etiam
976 1223 1147 1274 primae
1177 1226 1220 1260 et
1249 1221 1459 1260 secundae
1489 1221 1741 1274 adiungitur

253 1305 460 1346 personae
500 1291 616 1344 apud
656 1290 774 1340 illos,
819 1295 868 1331 ut
922 1317 978 1323 --
1042 1285 1328 1345 Φρύνιχος
1385 1288 1740 1344 Ποαστρίαις

248 1358 463 1416 ’Ὠσπερ
504 1357 640 1415 ἐμὸν
678 1355 848 1411 αὐτῆς
889 1358 1051 1401 ἴδιον.
1113 1363 1270 1416 Scripsi
1300 1356 1437 1412 αὐτῆς
1466 1376 1542 1417 pro
1573 1362 1740 1416 vulgato

258 1429 399 1473 αὐτοῦ
427 1445 477 1474 ex
507 1432 671 1484 Aldina,
703 1445 810 1487 quae
840 1446 917 1487 pro
946 1424 1095 1487 ὥσπερ
1125 1433 1251 1475 habet
1281 1426 1402 1489 ὅπερ.

948 1547 1020 1590 VI.

373 1630 605 1671 Scholiasta
634 1630 921 1685 Aristophanis
952 1634 1028 1674 Av.
1061 1632 1193 1672 1297:
1224 1627 1356 1679 δηλοῖ
1380 1628 1427 1669 δὲ
1457 1626 1587 1669 τοῦτο
1613 1624 1739 1685 Ἀρι-

259 1695 491 1755 στοφάνης
520 1693 758 1752 (Πλάτων)
789 1699 1035 1756 Περιαλγεῖ
1058 1697 1279 1756 ,,χρηστὸν
1307 1696 1369 1754 μὴ
1398 1698 1513 1740 κατὰ
1542 1697 1741 1742 Μειδίαν

258 1767 596 1826 ὀρτυγοκόπον.”
636 1768 749 1823 λέγει
779 1768 827 1811 δὲ
856 1769 903 1812 ἐν
926 1768 1208 1827 Ποαστρίαις
1237 1768 1261 1811 ὁ
1291 1767 1423 1819 αὐτὸς
1450 1766 1509 1819 ὠς
1536 1771 1612 1812 καὶ
1641 1771 1740 1828 περὶ

256 1837 493 1896 ἄλέκτορας
523 1836 662 1882 αὐτοῦ
689 1839 1030 1898 ἐσπουδακότος.
1095 1845 1143 1885 In
1184 1844 1250 1885 his
1280 1857 1356 1898 pro
1386 1838 1412 1883 ὁ
1439 1838 1579 1891 αὐτὸς
1605 1844 1738 1898 Phry-

258 1914 372 1955 nichi
402 1927 553 1954 nomen
583 1915 887 1956 restituendum
919 1929 1014 1957 esse
1043 1915 1223 1956 indicavi
1252 1917 1421 1968 Qunest.
1453 1927 1510 1955 sca
1543 1914 1580 1954 Il
1610 1927 1652 1968 p.
1682 1916 1739 1955 22

256 1985 382 2026 allato
411 1984 543 2025 schol.
574 1986 746 2027 Luciani
778 1987 862 2028 Iov.
895 1988 1021 2041 Trag.
1051 1987 1132 2028 voi.
1166 1987 1205 2026 II
1235 1999 1276 2039 p.
1303 1987 1408 2026 696:
1441 1980 1635 2031 Μειδίας
1660 1979 1737 2039 ὀρ-

256 2048 497 2106 τυγοκόπος
536 2043 613 2104 ἦν,
649 2051 709 2103 ὥς
737 2052 934 2096 Πλάτων
961 2055 1203 2111 Περιαλγεῖ
1210 2068 1220 2079 ·
1253 2055 1328 2095 καὶ
1367 2049 1428 2102 εἰς
1464 2052 1660 2109 πονηρὸν
1689 2052 1736 2095 δὲ

255 2123 331 2164 καὶ
364 2119 560 2176 κόβαλον
595 2124 672 2172 καὶ
710 2125 797 2166 τῶν
827 2124 1056 2181 δημοσίων
1100 2121 1348 2182 νοσφιστὴν
1389 2120 1610 2180 Φρύνιχος
1653 2125 1732 2165 καὶ

258 2190 453 2235 Πλάτων
483 2191 816 2249 διαβάλλουσιν.

677 2419 1313 2463 ΣΑΤΥΡΟΙ.

980 2537 1012 2577 Ι.

371 2620 632 2674 Phrynichus
662 2621 774 2674 Epit.
804 2634 845 2674 p.
861 2621 943 2661 26ss
971 2622 1075 2662 Lob.
1106 2615 1436 2672 εὗαγγελίζομαι
1465 2643 1520 2652 ·—-
1548 2615 1733 2673 εὑρίσκω

258 2687 373 2730 κατὰ
401 2687 581 2741 δοτικὴν
609 2685 902 2745 ἡρμοσμένον,
938 2684 1299 2744 Ἀριστοφάνους
1327 2691 1408 2743 μὲν
1436 2683 1551 2731 οὕτω
1580 2688 1733 2743 λέγον-

259 2773 333 2810 τος
362 2758 409 2801 ἐν
438 2761 530 2810 τοῖς
555 2756 786 2802 Ἰππεῦσιν
815 2762 964 2814 (642):
