1786 3210
243 185 329 226 14⁰
865 180 1079 223 cRA'mN
1085 180 1103 222 1

243 298 330 338 lam
360 296 515 350 optime
547 308 641 337 eum
669 295 750 336 hae
773 294 1118 347 interpretatione
1146 292 1340 334 convenit
1358 289 1726 336 commemoratum

242 369 293 407 ab
324 367 576 420 Etymologo
613 361 876 412 Τελενίκειος
905 359 1014 417 ἠχώ,
1053 376 1135 418 quo
1177 377 1308 407 vanus
1339 370 1382 405 et
1410 366 1546 409 inanis
1573 365 1724 408 verbo-

241 452 335 481 rum
365 439 563 492 strepitus
593 437 817 490 significari
848 436 1025 477 videtur.

958 575 1033 617 XI.

352 664 614 717 Hesychius,
650 657 942 717 Βρίκελοιε
981 661 1024 703 οὶ
1058 663 1140 717 μὲν
1180 661 1282 713 τοὺς
1324 659 1592 716 ἱστόποὸας,
1627 658 1721 705 οἷπὸ
1758 682 1763 686 ’

238 735 352 787 (cod.
390 732 483 785 ἐπὶ)
521 732 602 774 τοῦ
638 729 802 788 βάρους
838 733 916 774 καὶ
953 731 1033 774 τοῦ
1071 731 1216 787 ξύλου.
1283 734 1327 776 οὶ
1367 734 1414 776 δὲ
1451 732 1720 792 βαρβάρους.

188 808 191 810 ’
238 803 430 859 Δίδυμος
468 803 514 845 δὲ
555 801 611 845 τὰ
647 801 833 859 τραγικὰ
868 806 1148 860 προσωπεῖα,
1187 803 1311 863 παρὰ
1346 805 1581 864 Κρατίνῳ,
1625 798 1724 848 οἷον

236 874 523 932 βροτοΐκελοι,
551 874 598 916 ἐν
619 874 830 933 Σερίφοις
859 878 975 931 (sic).
1036 879 1097 919 lta
1127 880 1259 920 codex
1288 880 1509 933 pro-edito
1540 877 1723 933 βροτοί·-

205 948 354 989 »κελα.
413 949 517 1002 Leg.
557 947 702 1006 βροτῷ
738 946 894 989 εἴκελα.
962 942 1185 991 Pausanias
1225 951 1436 992 Eustathii
1475 951 1528 992 a‘d
1567 951 1719 1004 Odyss.

234 1036 277 1075 p.
308 1020 420 1062 1395
450 1020 520 1061 50.
578 1019 795 1076 Βρίκελαε
836 1020 1094 1075 προσωπεῖα
1135 1020 1278 1079 βροτῷ
1316 1020 1458 1073 ἴκελα,
1500 1015 1529 1072 ἢ
1558 1019 1720 1077 Βριξὶν

235 1090 371 1133 ἴκελοι.
429 1084 544 1132 οὕτω
585 1089 631 1132 δὲ
670 1088 820 1146 ἔλεγον
856 1088 958 1141 τοὺς
996 1089 1262 1150 βαρβάρους.
1320 1095 1384 1135 De
1408 1094 1610 1148 'Brigibus
1639 1094 1718 1137 cfr.

233 1164 424 1208 Sturzius
464 1163 517 1204 de
555 1164 649 1205 dial.
688 1165 854 1206 Maced.
894 1179 935 1219 p.
967 1166 1036 1207 31.
1112 1166 1296 1221 Etymol.
1337 1166 1399 1208 M.
1441 1181 1483 1221 p.
1513 1166 1599 1208 214
1637 1166 1717 1209 38:

231 1229 470 1291 Βρίκελλός
499 1235 601 1288 (sio)
631 1233 725 1276 ἐστι
755 1233 1033 1292 βαρβαρικὸν
1061 1234 1112 1278 τὸ
1141 1234 1299 1292 ὄνομα.
1352 1233 1537 1278 τίθεται
1565 1235 1612 1277 δὲ
1641 1236 1718 1277 καὶ

231 1305 307 1348 ἐπὶ
344 1301 595 1362 προσώπων
631 1305 919 1363 βαρβαρικῶν
959 1309 1072 1363 (leg.
1112 1306 1374 1364 τραγικῶν).
1434 1307 1510 1348 καὶ
1544 1305 1718 1364 εἴρηται

231 1377 368 1419 οἱονεὶ
398 1376 542 1435 βροτῷ
570 1375 744 1430 εἴκελος,
772 1373 801 1430 ἢ
830 1378 989 1435 Βριξὶν
1017 1378 1192 1429 εἴκελος.
1231 1376 1359 1420 ἄλλοι
1388 1376 1436 1419 δὲ
1464 1378 1718 1435 βρικέλλους

231 1451 332 1504 (sic)
362 1446 464 1499 τοὺς
491 1445 762 1504 κελεύοντας,
790 1449 912 1507 παρόι
939 1449 990 1493 τὸ
1021 1451 1109 1509 βρῐ
1135 1451 1211 1494 καὶ
1242 1450 1294 1492 τὸ
1324 1449 1519 1505 κέλομαι.
1550 1445 1580 1502 ἢ
1609 1447 1715 1502 τοὺς

229 1517 484 1570 ἱστόποδας.

918 1637 1016 1678 X11.

344 1722 494 1763 Pollux
523 1721 563 1762 X
595 1721 701 1762 1652
741 1717 823 1771 τὴν
861 1718 908 1761 δὲ
945 1716 1262 1777 Ἀνδρομέδαν
1290 1719 1514 1776 Κρατῖνος
1544 1717 1592 1760 ἐν
1621 1718 1713 1770 τοῖς

230 1789 461 1848 Σεριφίοις
511 1790 852 1847 δελέαστραν
910 1791 1045 1833 καλεῖ.
1117 1794 1236 1834 Haec
1279 1805 1479 1846 quorsum
1520 1795 1713 1846 spectent

228 1867 451 1908 obscurum
487 1878 579 1905 esse
608 1878 689 1905 non
721 1869 873 1917 potest.
933 1865 1114 1906 Perseus
1156 1865 1265 1905 enim
1295 1879 1320 1906 a
1350 1865 1614 1918 Gorgonibus
1642 1877 1712 1905 re—

228 1949 373 1978 versus
414 1949 541 1989 quum
588 1936 630 1976 in
667 1936 935 1989 Aethiopiam
974 1937 1235 1986 devenisset,
1283 1936 1579 1979 Andromedae
1621 1948 1710 1977 ma-

226 2009 320 2049 rino
351 2012 535 2048 monstro
563 2008 775 2061 expositae
804 2021 947 2050 amore
975 2009 1165 2048 irretitus
1200 2013 1278 2050 est.

907 2133 1025 2175 XIII.

339 2224 504 2274 Suidas,
536 2217 833 2278 Ἀμοργοίε
873 2219 1038 2272 πόλεως
1066 2218 1252 2276 ὄλεθροι
1325 2220 1550 2276 Κρατῖνος
1577 2219 1710 2279 Σερι-

226 2291 358 2352 φίοις.
421 2291 626 2334 Καλοῦσι
665 2292 712 2334 δὲ
752 2294 829 2334 καὶ
866 2292 1057 2350 μοργοὺς
1094 2290 1145 2334 τὸ
1177 2293 1205 2333 ἆ
1232 2289 1539 2350 ἀφαιροῦντες.
1597 2294 1708 2336 Pau-

226 2369 360 2410 sanias
390 2367 500 2421 apud
531 2367 797 2408 Eustathium
827 2368 878 2408 ad
911 2368 1029 2409 Iliad.
1059 2382 1100 2422 p.
1131 2367 1216 2407 838
1244 2367 1324 2408 50:
1381 2360 1620 2421 Ἀμολγοίε
1662 2363 1708 2406 οἱ

227 2434 487 2492 ἂμέλγοντες
517 2435 573 2478 τὰ
600 2436 726 2478 κοινὰ
756 2435 934 2494 ῥήτορες
963 2439 1039 2479 καὶ
1062 2437 1380 2494 διαφοροῦντες
1407 2434 1464 2478 τοὶ
1494 2431 1714 2491 δημόσια.

152 2500 155 2503 ’
227 2512 463 2563 Utrumque
494 2511 645 2551 dicitur
674 2505 867 2562 ἀμολγὸς
897 2516 940 2551 et
976 2505 1191 2566 οἳμοργός,
1231 2514 1278 2550 ut
1316 2506 1480 2562 μολγὸς
1517 2513 1560 2549 et
1592 2520 1707 2563 μορ-

227 2577 316 2633 γός,
345 2576 520 2634 ἀμέλγω
551 2587 594 2622 et
622 2576 818 2636 ἀμέργω,
849 2576 1025 2635 ἆμέλόω
1057 2586 1099 2621 et
1130 2575 1319 2635 ἁμέρδω.
1380 2579 1541 2622 Eadem
1570 2580 1707 2620 varie-

226 2659 290 2695 tas
318 2654 361 2694 in
391 2653 551 2693 insulae
582 2654 761 2707 Amorgi
784 2653 951 2694 nomine
993 2652 1177 2693 videtur
1195 2651 1435 2693 obtinuisse.
1500 2650 1704 2692 Arcadius

226 2727 398 2779 Acuent.
442 2737 484 2777 p.
522 2725 601 2764 47:
646 2718 883 2780 πελαργὸς,
912 2717 1146 2805 αμολγός,
1191 2716 1484 2778 βροτολοιγός.
1557 2717 1609 2760 τὸ
1655 2719 1702 2761 δὲ

215 2791 446 2873 ”Αμολγος
486 2793 712 2850 noonapog
698 2789 874 2836 ύτονον
911 2775 985 2836 επὶ
1015 2792 1091 2846 τῆς
1120 2805 1272 2843 νησου.
1333 2794 1422 2836 Nisi
1452 2793 1495 2834 id
1524 2786 1703 2848 ”-Λμορ
