<?xml version="1.0" encoding="UTF-8"?>
<!DOCTYPE html PUBLIC "-//W3C//DTD XHTML 1.0 Transitional//EN"
    "http://www.w3.org/TR/xhtml1/DTD/xhtml1-transitional.dtd">
<html xmlns="http://www.w3.org/1999/xhtml" xml:lang="en" lang="en">
 <head>
  <title>
</title>
<meta http-equiv="Content-Type" content="text/html;charset=utf-8" />
  <meta name='ocr-system' content='tesseract 3.04.00' />
  <meta name='ocr-capabilities' content='ocr_page ocr_carea ocr_par ocr_line ocrx_word'/>
</head>
<body>
  <div class='ocr_page' id='page_1' title='image "./p1fragmentacomic02meinuoft_0484.png"; bbox 0 0 1786 3210; ppageno 0'>
   <div class='ocr_carea' id='block_1_1' title="bbox 197 144 1100 191">
    <p class='ocr_par' dir='ltr' id='par_1_1' title="bbox 197 144 1100 191">
     <span class='ocr_line' id='line_1_1' title="bbox 197 144 1100 191; baseline -0.004 0"><span class='ocrx_word' id='word_1_1' title='bbox 197 150 282 191; x_wconf 70' lang='lat'><em>472</em></span> <span class='ocrx_word' id='word_1_2' title='bbox 791 144 1100 190; x_wconf 79' lang='lat' dir='ltr'>EUPOLIDIS</span> 
     </span>
    </p>
   </div>
   <div class='ocr_carea' id='block_1_2' title="bbox 371 318 1491 458">
    <p class='ocr_par' dir='ltr' id='par_1_2' title="bbox 371 318 1491 458">
     <span class='ocr_line' id='line_1_2' title="bbox 887 318 1019 361; baseline -0.008 -1"><span class='ocrx_word' id='word_1_3' title='bbox 887 318 1019 361; x_wconf 86' lang='lat' dir='ltr'>XXV.</span> 
     </span>
     <span class='ocr_line' id='line_1_3' title="bbox 371 395 1491 458; baseline 0 -13"><span class='ocrx_word' id='word_1_4' title='bbox 371 397 483 458; x_wconf 67' lang='lat' dir='ltr'><em>Ae&#39;y&#39;</em></span> <span class='ocrx_word' id='word_1_5' title='bbox 516 395 624 443; x_wconf 79' lang='grc' dir='ltr'><em>ὅτου</em></span> <span class='ocrx_word' id='word_1_6' title='bbox 650 397 897 458; x_wconf 80' lang='grc' dir='ltr'><em>’πιθυμεΐς,</em></span> <span class='ocrx_word' id='word_1_7' title='bbox 927 399 1083 443; x_wconf 81' lang='grc' dir='ltr'><em>κούδὲν</em></span> <span class='ocrx_word' id='word_1_8' title='bbox 1112 397 1341 456; x_wconf 80' lang='grc' dir='ltr'><em>ἀτυχήσεις</em></span> <span class='ocrx_word' id='word_1_9' title='bbox 1369 400 1491 457; x_wconf 77' lang='grc' dir='ltr'>ἐμοῦ.</span> 
     </span>
    </p>
   </div>
   <div class='ocr_carea' id='block_1_3' title="bbox 206 499 1753 991">
    <p class='ocr_par' dir='ltr' id='par_1_3' title="bbox 206 499 1753 991">
     <span class='ocr_line' id='line_1_4' title="bbox 321 499 1701 560; baseline -0.002 -11"><span class='ocrx_word' id='word_1_10' title='bbox 321 506 625 549; x_wconf 81' lang='lat' dir='ltr'><strong>Grammaticus</strong></span> <span class='ocrx_word' id='word_1_11' title='bbox 669 507 800 547; x_wconf 85' lang='lat' dir='ltr'><strong>Bekk.</strong></span> <span class='ocrx_word' id='word_1_12' title='bbox 838 504 997 547; x_wconf 81' lang='lat' dir='ltr'><strong>Anecd.</strong></span> <span class='ocrx_word' id='word_1_13' title='bbox 1034 517 1077 558; x_wconf 90' lang='lat' dir='ltr'><em>p.</em></span> <span class='ocrx_word' id='word_1_14' title='bbox 1108 504 1207 546; x_wconf 75' lang='lat'><em>462.</em></span> <span class='ocrx_word' id='word_1_15' title='bbox 1259 499 1490 559; x_wconf 72' lang='grc' dir='ltr'><em>Ἀτυχεῖνι</em></span> <span class='ocrx_word' id='word_1_16' title='bbox 1545 501 1597 546; x_wconf 88' lang='grc' dir='ltr'><em>τὸ</em></span> <span class='ocrx_word' id='word_1_17' title='bbox 1639 503 1701 560; x_wconf 82' lang='grc' dir='ltr'><em>μὴ</em></span> 
     </span>
     <span class='ocr_line' id='line_1_5' title="bbox 206 565 1753 633; baseline -0.001 -14"><span class='ocrx_word' id='word_1_18' title='bbox 206 572 439 633; x_wconf 77' lang='grc' dir='ltr'><em>τυγχάνειν</em></span> <span class='ocrx_word' id='word_1_19' title='bbox 468 565 605 628; x_wconf 69' lang='grc' dir='ltr'><em>τινός,</em></span> <span class='ocrx_word' id='word_1_20' title='bbox 634 572 748 616; x_wconf 77' lang='grc' dir='ltr'><em>ἀλλὰ</em></span> <span class='ocrx_word' id='word_1_21' title='bbox 777 569 1113 630; x_wconf 76' lang='grc' dir='ltr'><em>διαμαρτάνειν.</em></span> <span class='ocrx_word' id='word_1_22' title='bbox 1171 570 1366 625; x_wconf 83' lang='grc' dir='ltr'><em>Εὔπολις</em></span> <span class='ocrx_word' id='word_1_23' title='bbox 1395 571 1561 631; x_wconf 95' lang='grc' dir='ltr'><em>Δήμοις</em></span> <span class='ocrx_word' id='word_1_24' title='bbox 1589 572 1703 630; x_wconf 78' lang='grc' dir='ltr'><em>Λέγ’</em></span> <span class='ocrx_word' id='word_1_25' title='bbox 1744 594 1753 600; x_wconf 56' lang='grc'><strong><em>’</em></strong></span> 
     </span>
     <span class='ocr_line' id='line_1_6' title="bbox 209 642 1705 702; baseline 0.001 -12"><span class='ocrx_word' id='word_1_26' title='bbox 209 642 317 691; x_wconf 81' lang='grc' dir='ltr'><em>ὅτου</em></span> <span class='ocrx_word' id='word_1_27' title='bbox 355 645 605 702; x_wconf 77' lang='grc' dir='ltr'><em>’πι’θυμεῖς,</em></span> <span class='ocrx_word' id='word_1_28' title='bbox 644 644 697 688; x_wconf 88' lang='grc' dir='ltr'><em>οὐ</em></span> <span class='ocrx_word' id='word_1_29' title='bbox 737 643 820 702; x_wconf 80' lang='grc' dir='ltr'><em>γὰρ</em></span> <span class='ocrx_word' id='word_1_30' title='bbox 849 642 1080 700; x_wconf 78' lang='grc' dir='ltr'><em>ἀτυχήσεις</em></span> <span class='ocrx_word' id='word_1_31' title='bbox 1108 644 1232 700; x_wconf 75' lang='grc' dir='ltr'>ἐμοῦ.</span> <span class='ocrx_word' id='word_1_32' title='bbox 1299 650 1537 691; x_wconf 80' lang='lat' dir='ltr'>Priscianus</span> <span class='ocrx_word' id='word_1_33' title='bbox 1561 649 1705 692; x_wconf 88' lang='lat' dir='ltr'>XVIII</span> 
     </span>
     <span class='ocr_line' id='line_1_7' title="bbox 210 719 1707 775; baseline -0.001 -12"><span class='ocrx_word' id='word_1_34' title='bbox 210 735 254 775; x_wconf 90' lang='lat' dir='ltr'><strong>p.</strong></span> <span class='ocrx_word' id='word_1_35' title='bbox 286 720 400 762; x_wconf 78' lang='lat'>1175</span> <span class='ocrx_word' id='word_1_36' title='bbox 442 720 556 770; x_wconf 80' lang='lat'>(193</span> <span class='ocrx_word' id='word_1_37' title='bbox 587 720 766 771; x_wconf 85' lang='lat' dir='ltr'><strong>Krehl.)</strong></span> <span class='ocrx_word' id='word_1_38' title='bbox 805 720 990 773; x_wconf 82' lang='lat' dir='ltr'><em>Impetro</em></span> <span class='ocrx_word' id='word_1_39' title='bbox 1021 719 1140 759; x_wconf 82' lang='lat' dir='ltr'>illam</span> <span class='ocrx_word' id='word_1_40' title='bbox 1168 734 1256 760; x_wconf 84' lang='lat' dir='ltr'><em>rem</em></span> <span class='ocrx_word' id='word_1_41' title='bbox 1286 721 1491 772; x_wconf 60' lang='lat' dir='ltr'>diciinus,</span> <span class='ocrx_word' id='word_1_42' title='bbox 1519 723 1633 762; x_wconf 78' lang='lat' dir='ltr'>sicut</span> <span class='ocrx_word' id='word_1_43' title='bbox 1663 726 1707 762; x_wconf 86' lang='lat' dir='ltr'><em>et</em></span> 
     </span>
     <span class='ocr_line' id='line_1_8' title="bbox 210 785 1709 846; baseline -0.001 -12"><span class='ocrx_word' id='word_1_44' title='bbox 210 793 373 834; x_wconf 77' lang='lat' dir='ltr'><em>Attici.</em></span> <span class='ocrx_word' id='word_1_45' title='bbox 443 786 695 839; x_wconf 78' lang='grc' dir='ltr'><em>Εὔπολις</em></span> <span class='ocrx_word' id='word_1_46' title='bbox 734 789 789 830; x_wconf 77' lang='grc' dir='ltr'><em>ἐν</em></span> <span class='ocrx_word' id='word_1_47' title='bbox 827 785 1044 844; x_wconf 82' lang='grc' dir='ltr'><em>Δήμοις</em></span> <span class='ocrx_word' id='word_1_48' title='bbox 1079 788 1219 843; x_wconf 77' lang='grc' dir='ltr'><em>Λέγε</em></span> <span class='ocrx_word' id='word_1_49' title='bbox 1268 788 1363 831; x_wconf 86' lang='grc' dir='ltr'><em>τοῦ</em></span> <span class='ocrx_word' id='word_1_50' title='bbox 1404 789 1709 846; x_wconf 75' lang='grc' dir='ltr'><em>ἐπιθυμεῖς</em></span> 
     </span>
     <span class='ocr_line' id='line_1_9' title="bbox 212 856 1722 919; baseline 0.001 -15"><span class='ocrx_word' id='word_1_51' title='bbox 212 862 305 904; x_wconf 87' lang='grc' dir='ltr'><em>καὶ</em></span> <span class='ocrx_word' id='word_1_52' title='bbox 343 857 508 903; x_wconf 80' lang='grc' dir='ltr'><em>οὐδὲν</em></span> <span class='ocrx_word' id='word_1_53' title='bbox 549 856 856 915; x_wconf 80' lang='grc' dir='ltr'><em>ἀτυχήσεις</em></span> <span class='ocrx_word' id='word_1_54' title='bbox 894 858 1043 915; x_wconf 80' lang='grc' dir='ltr'>ἐμοῦ.</span> <span class='ocrx_word' id='word_1_55' title='bbox 1102 863 1167 904; x_wconf 85' lang='lat' dir='ltr'><em>Ex</em></span> <span class='ocrx_word' id='word_1_56' title='bbox 1197 876 1278 917; x_wconf 85' lang='lat' dir='ltr'><em>quo</em></span> <span class='ocrx_word' id='word_1_57' title='bbox 1310 868 1501 919; x_wconf 81' lang='lat' dir='ltr'><strong>apertum</strong></span> <span class='ocrx_word' id='word_1_58' title='bbox 1531 867 1722 907; x_wconf 79' lang='lat' dir='ltr'>estnon</span> 
     </span>
     <span class='ocr_line' id='line_1_10' title="bbox 214 929 1119 991; baseline 0 -15"><span class='ocrx_word' id='word_1_59' title='bbox 214 931 269 977; x_wconf 88' lang='grc' dir='ltr'><em>οὐ</em></span> <span class='ocrx_word' id='word_1_60' title='bbox 295 930 380 991; x_wconf 77' lang='grc' dir='ltr'><em>γὰρ</em></span> <span class='ocrx_word' id='word_1_61' title='bbox 410 934 487 977; x_wconf 85' lang='lat' dir='ltr'><em>sed</em></span> <span class='ocrx_word' id='word_1_62' title='bbox 516 929 646 976; x_wconf 76' lang='grc' dir='ltr'><em>οὐδὲν</em></span> <span class='ocrx_word' id='word_1_63' title='bbox 674 934 892 988; x_wconf 75' lang='lat' dir='ltr'>scripsisse</span> <span class='ocrx_word' id='word_1_64' title='bbox 922 934 1119 988; x_wconf 84' lang='lat' dir='ltr'>Eupolin.</span> 
     </span>
    </p>
   </div>
   <div class='ocr_carea' id='block_1_4' title="bbox 445 1049 1484 1188">
    <p class='ocr_par' dir='ltr' id='par_1_4' title="bbox 445 1049 1484 1188">
     <span class='ocr_line' id='line_1_11' title="bbox 891 1049 1046 1093; baseline 0.006 -2"><span class='ocrx_word' id='word_1_65' title='bbox 891 1049 1046 1093; x_wconf 88' lang='lat' dir='ltr'>XXVI.</span> 
     </span>
     <span class='ocr_line' id='line_1_12' title="bbox 445 1126 1484 1188; baseline -0.004 -12"><span class='ocrx_word' id='word_1_66' title='bbox 445 1132 492 1177; x_wconf 91' lang='grc' dir='ltr'><em>Γ</em></span> <span class='ocrx_word' id='word_1_67' title='bbox 483 1129 631 1175; x_wconf 88' lang='grc' dir='ltr'><em>υναῖκ’</em></span> <span class='ocrx_word' id='word_1_68' title='bbox 662 1129 820 1188; x_wconf 80' lang='grc' dir='ltr'><em>ἔχοντα</em></span> <span class='ocrx_word' id='word_1_69' title='bbox 848 1129 974 1188; x_wconf 81' lang='grc' dir='ltr'><em>μάλα</em></span> <span class='ocrx_word' id='word_1_70' title='bbox 1001 1130 1143 1184; x_wconf 87' lang='grc' dir='ltr'><em>καλήν</em></span> <span class='ocrx_word' id='word_1_71' title='bbox 1172 1146 1218 1173; x_wconf 84' lang='grc' dir='ltr'><em>τε</em></span> <span class='ocrx_word' id='word_1_72' title='bbox 1247 1126 1484 1187; x_wconf 75' lang='grc' dir='ltr'><em>κάγαθήν·</em></span> 
     </span>
    </p>
   </div>
   <div class='ocr_carea' id='block_1_5' title="bbox 448 1212 1323 1273">
    <p class='ocr_par' dir='ltr' id='par_1_5' title="bbox 448 1212 1323 1273">
     <span class='ocr_line' id='line_1_13' title="bbox 448 1212 1323 1273; baseline 0.003 -14"><span class='ocrx_word' id='word_1_73' title='bbox 448 1212 563 1270; x_wconf 76' lang='grc' dir='ltr'><em>αὕτη</em></span> <span class='ocrx_word' id='word_1_74' title='bbox 594 1217 899 1268; x_wconf 80' lang='grc' dir='ltr'><em>νεανικοῦντος</em></span> <span class='ocrx_word' id='word_1_75' title='bbox 928 1215 1188 1273; x_wconf 71' lang='grc' dir='ltr'><em>ἐπεθύμησε</em></span> <span class='ocrx_word' id='word_1_76' title='bbox 1218 1231 1323 1272; x_wconf 82' lang='grc' dir='ltr'><em>μου.</em></span> 
     </span>
    </p>
   </div>
   <div class='ocr_carea' id='block_1_6' title="bbox 218 1323 1786 2032">
    <p class='ocr_par' dir='ltr' id='par_1_6' title="bbox 218 1323 1786 2032">
     <span class='ocr_line' id='line_1_14' title="bbox 339 1323 1715 1388; baseline -0.003 -12"><span class='ocrx_word' id='word_1_77' title='bbox 339 1334 519 1376; x_wconf 88' lang='lat' dir='ltr'>Photius</span> <span class='ocrx_word' id='word_1_78' title='bbox 548 1347 589 1388; x_wconf 90' lang='lat' dir='ltr'><em>p.</em></span> <span class='ocrx_word' id='word_1_79' title='bbox 620 1335 702 1375; x_wconf 82' lang='lat'><em>291</em></span> <span class='ocrx_word' id='word_1_80' title='bbox 742 1335 770 1374; x_wconf 77' lang='lat'><em>2</em></span> <span class='ocrx_word' id='word_1_81' title='bbox 812 1338 855 1375; x_wconf 86' lang='lat' dir='ltr'><em>et</em></span> <span class='ocrx_word' id='word_1_82' title='bbox 882 1334 1030 1375; x_wconf 86' lang='lat' dir='ltr'>Suidas</span> <span class='ocrx_word' id='word_1_83' title='bbox 1061 1333 1100 1375; x_wconf 94' lang='lat'><em>11</em></span> <span class='ocrx_word' id='word_1_84' title='bbox 1137 1348 1180 1388; x_wconf 89' lang='lat' dir='ltr'><em>p.</em></span> <span class='ocrx_word' id='word_1_85' title='bbox 1211 1333 1309 1374; x_wconf 83' lang='lat'><em>603.</em></span> <span class='ocrx_word' id='word_1_86' title='bbox 1349 1323 1715 1372; x_wconf 73' lang='grc' dir='ltr'><em>Νεανισκεὺεταιε</em></span> 
     </span>
     <span class='ocr_line' id='line_1_15' title="bbox 218 1395 1718 1462; baseline -0.002 -15"><span class='ocrx_word' id='word_1_87' title='bbox 218 1401 398 1462; x_wconf 70' lang='grc' dir='ltr'><em>υ,Αμφις</em></span> <span class='ocrx_word' id='word_1_88' title='bbox 432 1401 665 1460; x_wconf 75' lang='grc' dir='ltr'><em>Ἐρίθοις·</em></span> <span class='ocrx_word' id='word_1_89' title='bbox 708 1400 1019 1453; x_wconf 80' lang='grc' dir='ltr'><em>Ποσείδιππος</em></span> <span class='ocrx_word' id='word_1_90' title='bbox 1049 1400 1287 1459; x_wconf 80' lang='grc' dir='ltr'><em>Δημὸταις.</em></span> <span class='ocrx_word' id='word_1_91' title='bbox 1343 1398 1540 1451; x_wconf 77' lang='grc' dir='ltr'><em>Εὔπολις</em></span> <span class='ocrx_word' id='word_1_92' title='bbox 1569 1395 1718 1454; x_wconf 80' lang='grc' dir='ltr'><em>Αἰξίν.</em></span> 
     </span>
     <span class='ocr_line' id='line_1_16' title="bbox 225 1468 1786 1531; baseline -0.002 -13"><span class='ocrx_word' id='word_1_93' title='bbox 225 1470 351 1527; x_wconf 83' lang='grc' dir='ltr'><em>ἰδίως</em></span> <span class='ocrx_word' id='word_1_94' title='bbox 397 1475 444 1517; x_wconf 82' lang='grc' dir='ltr'><em>δὲ</em></span> <span class='ocrx_word' id='word_1_95' title='bbox 483 1472 744 1531; x_wconf 80' lang='grc' dir='ltr'><em>ἐσχημάτικε</em></span> <span class='ocrx_word' id='word_1_96' title='bbox 793 1473 844 1516; x_wconf 88' lang='grc' dir='ltr'><em>τὸ</em></span> <span class='ocrx_word' id='word_1_97' title='bbox 896 1473 1188 1517; x_wconf 80' lang='grc' dir='ltr'><em>νεανισκεύειν</em></span> <span class='ocrx_word' id='word_1_98' title='bbox 1233 1474 1280 1516; x_wconf 80' lang='grc' dir='ltr'><em>ἐν</em></span> <span class='ocrx_word' id='word_1_99' title='bbox 1322 1471 1489 1529; x_wconf 84' lang='grc' dir='ltr'><em>Δήμοις</em></span> <span class='ocrx_word' id='word_1_100' title='bbox 1529 1468 1717 1515; x_wconf 74' lang='grc' dir='ltr'><em>Γυναῖκ”</em></span> <span class='ocrx_word' id='word_1_101' title='bbox 1785 1485 1786 1519; x_wconf 65' lang='lat' dir='ltr'><strong>f</strong></span> 
     </span>
     <span class='ocr_line' id='line_1_17' title="bbox 227 1542 1720 1604; baseline -0.003 -14"><span class='ocrx_word' id='word_1_102' title='bbox 227 1545 387 1604; x_wconf 67' lang='grc' dir='ltr'><em>ἔχοντα</em></span> <span class='ocrx_word' id='word_1_103' title='bbox 416 1545 508 1589; x_wconf 85' lang='grc' dir='ltr'><em>κτλ.</em></span> <span class='ocrx_word' id='word_1_104' title='bbox 567 1549 640 1592; x_wconf 87' lang='lat' dir='ltr'>Vs.</span> <span class='ocrx_word' id='word_1_105' title='bbox 672 1549 696 1588; x_wconf 95' lang='lat'>1</span> <span class='ocrx_word' id='word_1_106' title='bbox 742 1548 882 1593; x_wconf 83' lang='lat' dir='ltr'>Photii</span> <span class='ocrx_word' id='word_1_107' title='bbox 913 1550 1044 1590; x_wconf 84' lang='lat' dir='ltr'><strong>codex</strong></span> <span class='ocrx_word' id='word_1_108' title='bbox 1073 1547 1272 1601; x_wconf 77' lang='grc' dir='ltr'><em>γυναῖκες</em></span> <span class='ocrx_word' id='word_1_109' title='bbox 1303 1542 1459 1600; x_wconf 85' lang='grc' dir='ltr'><em>ἔχοντα</em></span> <span class='ocrx_word' id='word_1_110' title='bbox 1488 1543 1611 1599; x_wconf 78' lang='grc' dir='ltr'><em>μᾶλα</em></span> <span class='ocrx_word' id='word_1_111' title='bbox 1641 1559 1720 1586; x_wconf 84' lang='grc' dir='ltr'><em>κα-</em></span> 
     </span>
     <span class='ocr_line' id='line_1_18' title="bbox 228 1614 1721 1671; baseline -0.002 -10"><span class='ocrx_word' id='word_1_112' title='bbox 228 1617 314 1671; x_wconf 81' lang='grc' dir='ltr'><em>λὴν</em></span> <span class='ocrx_word' id='word_1_113' title='bbox 350 1619 428 1660; x_wconf 81' lang='grc' dir='ltr'><em>καὶ</em></span> <span class='ocrx_word' id='word_1_114' title='bbox 468 1614 670 1671; x_wconf 75' lang='grc' dir='ltr'><em>ἀγαθήν.</em></span> <span class='ocrx_word' id='word_1_115' title='bbox 731 1620 923 1660; x_wconf 83' lang='lat' dir='ltr'>Correxit</span> <span class='ocrx_word' id='word_1_116' title='bbox 953 1634 1003 1661; x_wconf 82' lang='lat' dir='ltr'><em>ex</em></span> <span class='ocrx_word' id='word_1_117' title='bbox 1033 1620 1160 1662; x_wconf 86' lang='lat' dir='ltr'>Suida</span> <span class='ocrx_word' id='word_1_118' title='bbox 1192 1621 1418 1660; x_wconf 88' lang='lat' dir='ltr'>Porsonus.</span> <span class='ocrx_word' id='word_1_119' title='bbox 1474 1643 1532 1650; x_wconf 89' lang='lat'><em>——-</em></span> <span class='ocrx_word' id='word_1_120' title='bbox 1589 1618 1662 1660; x_wconf 79' lang='lat' dir='ltr'>Vs.</span> <span class='ocrx_word' id='word_1_121' title='bbox 1693 1619 1721 1658; x_wconf 75' lang='lat'><strong>2</strong></span> 
     </span>
     <span class='ocr_line' id='line_1_19' title="bbox 232 1682 1723 1747; baseline -0.003 -13"><span class='ocrx_word' id='word_1_122' title='bbox 232 1692 412 1734; x_wconf 81' lang='lat' dir='ltr'>Photius</span> <span class='ocrx_word' id='word_1_123' title='bbox 443 1685 570 1747; x_wconf 75' lang='grc' dir='ltr'><em>αὐτῇ.</em></span> <span class='ocrx_word' id='word_1_124' title='bbox 620 1691 833 1731; x_wconf 83' lang='lat' dir='ltr'>Porsonus</span> <span class='ocrx_word' id='word_1_125' title='bbox 864 1685 992 1741; x_wconf 83' lang='grc' dir='ltr'><em>αὐτή.</em></span> <span class='ocrx_word' id='word_1_126' title='bbox 1038 1692 1187 1732; x_wconf 86' lang='lat' dir='ltr'>Suidas</span> <span class='ocrx_word' id='word_1_127' title='bbox 1219 1682 1346 1739; x_wconf 77' lang='grc' dir='ltr'><em>αὕτη.</em></span> <span class='ocrx_word' id='word_1_128' title='bbox 1408 1690 1518 1730; x_wconf 90' lang='lat' dir='ltr'><em>Tum</em></span> <span class='ocrx_word' id='word_1_129' title='bbox 1547 1688 1723 1730; x_wconf 84' lang='lat' dir='ltr'>Photius</span> 
     </span>
     <span class='ocr_line' id='line_1_20' title="bbox 231 1748 1723 1816; baseline -0.001 -12"><span class='ocrx_word' id='word_1_130' title='bbox 231 1759 566 1813; x_wconf 84' lang='grc' dir='ltr'><em>νεανικοῦντος,</em></span> <span class='ocrx_word' id='word_1_131' title='bbox 607 1763 813 1816; x_wconf 84' lang='lat' dir='ltr'><strong>probante</strong></span> <span class='ocrx_word' id='word_1_132' title='bbox 845 1763 1032 1815; x_wconf 85' lang='lat' dir='ltr'>Porsono</span> <span class='ocrx_word' id='word_1_133' title='bbox 1074 1762 1126 1802; x_wconf 85' lang='lat' dir='ltr'><em>ad</em></span> <span class='ocrx_word' id='word_1_134' title='bbox 1157 1748 1312 1815; x_wconf 84' lang='lat' dir='ltr'>Toupii</span> <span class='ocrx_word' id='word_1_135' title='bbox 1343 1761 1521 1802; x_wconf 79' lang='lat' dir='ltr'><strong>Emend.</strong></span> <span class='ocrx_word' id='word_1_136' title='bbox 1552 1774 1593 1814; x_wconf 87' lang='lat' dir='ltr'><em>p.</em></span> <span class='ocrx_word' id='word_1_137' title='bbox 1623 1760 1723 1803; x_wconf 81' lang='lat'><strong>460.</strong></span> 
     </span>
     <span class='ocr_line' id='line_1_21' title="bbox 234 1828 1724 1886; baseline -0.003 -10"><span class='ocrx_word' id='word_1_138' title='bbox 234 1835 383 1877; x_wconf 72' lang='lat' dir='ltr'>Suida·</span> <span class='ocrx_word' id='word_1_139' title='bbox 415 1828 784 1886; x_wconf 74' lang='grc' dir='ltr'><em>νεανισκεύοντος.</em></span> <span class='ocrx_word' id='word_1_140' title='bbox 854 1835 1037 1875; x_wconf 83' lang='lat' dir='ltr'>Naekius</span> <span class='ocrx_word' id='word_1_141' title='bbox 1069 1834 1244 1874; x_wconf 84' lang='lat' dir='ltr'>Schedis</span> <span class='ocrx_word' id='word_1_142' title='bbox 1274 1834 1365 1874; x_wconf 85' lang='lat' dir='ltr'>crit.</span> <span class='ocrx_word' id='word_1_143' title='bbox 1396 1846 1438 1885; x_wconf 87' lang='lat' dir='ltr'><em>p.</em></span> <span class='ocrx_word' id='word_1_144' title='bbox 1469 1831 1525 1872; x_wconf 79' lang='lat'><em>25</em></span> <span class='ocrx_word' id='word_1_145' title='bbox 1557 1831 1724 1872; x_wconf 84' lang='lat' dir='ltr'>coniicit</span> 
     </span>
     <span class='ocr_line' id='line_1_22' title="bbox 232 1898 1727 1959; baseline -0.003 -13"><span class='ocrx_word' id='word_1_146' title='bbox 232 1902 522 1955; x_wconf 81' lang='grc' dir='ltr'><em>νεανίζοντος.</em></span> <span class='ocrx_word' id='word_1_147' title='bbox 582 1905 739 1958; x_wconf 86' lang='lat' dir='ltr'>Raspio</span> <span class='ocrx_word' id='word_1_148' title='bbox 770 1918 811 1958; x_wconf 90' lang='lat' dir='ltr'><strong>p.</strong></span> <span class='ocrx_word' id='word_1_149' title='bbox 828 1906 884 1946; x_wconf 87' lang='lat'><em>38</em></span> <span class='ocrx_word' id='word_1_150' title='bbox 914 1907 1090 1959; x_wconf 83' lang='lat' dir='ltr'>Eupolis</span> <span class='ocrx_word' id='word_1_151' title='bbox 1120 1898 1456 1951; x_wconf 74' lang='grc' dir='ltr'><em>νεανίσκοῧντος</em></span> <span class='ocrx_word' id='word_1_152' title='bbox 1485 1902 1527 1944; x_wconf 85' lang='lat' dir='ltr'><em>h.</em></span> <span class='ocrx_word' id='word_1_153' title='bbox 1554 1916 1592 1945; x_wconf 84' lang='lat' dir='ltr'><em>e.</em></span> <span class='ocrx_word' id='word_1_154' title='bbox 1622 1913 1727 1942; x_wconf 84' lang='grc' dir='ltr'><em>νεα-</em></span> 
     </span>
     <span class='ocr_line' id='line_1_23' title="bbox 235 1970 1726 2032; baseline -0.001 -12"><span class='ocrx_word' id='word_1_155' title='bbox 235 1972 392 2020; x_wconf 79' lang='grc' dir='ltr'><em>νίσκου</em></span> <span class='ocrx_word' id='word_1_156' title='bbox 407 1970 538 2024; x_wconf 76' lang='grc' dir='ltr'><em>ὄντος</em></span> <span class='ocrx_word' id='word_1_157' title='bbox 563 1975 777 2029; x_wconf 81' lang='lat' dir='ltr'>scripsisse</span> <span class='ocrx_word' id='word_1_158' title='bbox 802 1977 978 2020; x_wconf 80' lang='lat' dir='ltr'>videtur.</span> <span class='ocrx_word' id='word_1_159' title='bbox 1011 1979 1129 2032; x_wconf 81' lang='lat' dir='ltr'>Quae</span> <span class='ocrx_word' id='word_1_160' title='bbox 1149 1976 1362 2031; x_wconf 78' lang='lat' dir='ltr'>ingeniosa</span> <span class='ocrx_word' id='word_1_161' title='bbox 1388 1975 1626 2016; x_wconf 74' lang='lat' dir='ltr'>coniectura</span> <span class='ocrx_word' id='word_1_162' title='bbox 1648 1978 1726 2019; x_wconf 83' lang='lat' dir='ltr'>est.</span> 
     </span>
    </p>
   </div>
   <div class='ocr_carea' id='block_1_7' title="bbox 503 2093 1458 2232">
    <p class='ocr_par' dir='ltr' id='par_1_7' title="bbox 503 2093 1458 2232">
     <span class='ocr_line' id='line_1_24' title="bbox 897 2093 1072 2135; baseline 0.006 -2"><span class='ocrx_word' id='word_1_163' title='bbox 897 2093 1072 2135; x_wconf 86' lang='lat' dir='ltr'>XXVII.</span> 
     </span>
     <span class='ocr_line' id='line_1_25' title="bbox 503 2158 1458 2232; baseline 0.001 -16"><span class='ocrx_word' id='word_1_164' title='bbox 503 2173 703 2216; x_wconf 80' lang='grc' dir='ltr'><em>Τοιαῦτα</em></span> <span class='ocrx_word' id='word_1_165' title='bbox 733 2174 886 2229; x_wconf 77' lang='grc' dir='ltr'><em>μέντοι</em></span> <span class='ocrx_word' id='word_1_166' title='bbox 916 2158 1186 2232; x_wconf 74' lang='grc' dir='ltr'><em>νιγλαρεύων</em></span> <span class='ocrx_word' id='word_1_167' title='bbox 1213 2169 1458 2230; x_wconf 83' lang='grc' dir='ltr'><em>κρούματα.</em></span> 
     </span>
    </p>
   </div>
   <div class='ocr_carea' id='block_1_8' title="bbox 242 2259 1732 2677">
    <p class='ocr_par' dir='ltr' id='par_1_8' title="bbox 242 2259 1732 2677">
     <span class='ocr_line' id='line_1_26' title="bbox 356 2259 1726 2323; baseline -0.004 -15"><span class='ocrx_word' id='word_1_168' title='bbox 356 2266 533 2308; x_wconf 84' lang='lat' dir='ltr'>Photius</span> <span class='ocrx_word' id='word_1_169' title='bbox 555 2281 594 2321; x_wconf 90' lang='lat' dir='ltr'><strong>p.</strong></span> <span class='ocrx_word' id='word_1_170' title='bbox 611 2267 695 2307; x_wconf 85' lang='lat'><em>300</em></span> <span class='ocrx_word' id='word_1_171' title='bbox 729 2267 776 2307; x_wconf 90' lang='lat' dir='ltr'><em>l:</em></span> <span class='ocrx_word' id='word_1_172' title='bbox 807 2263 1116 2322; x_wconf 73' lang='grc' dir='ltr'><em>Νιγλαρεύωνε</em></span> <span class='ocrx_word' id='word_1_173' title='bbox 1149 2265 1384 2323; x_wconf 83' lang='grc' dir='ltr'><em>τερετίζων.</em></span> <span class='ocrx_word' id='word_1_174' title='bbox 1416 2264 1492 2307; x_wconf 85' lang='grc' dir='ltr'><em>καὶ</em></span> <span class='ocrx_word' id='word_1_175' title='bbox 1521 2259 1546 2306; x_wconf 84' lang='grc' dir='ltr'><em>ὃ</em></span> <span class='ocrx_word' id='word_1_176' title='bbox 1575 2259 1726 2318; x_wconf 77' lang='grc' dir='ltr'><em>νὶγλα-</em></span> 
     </span>
     <span class='ocr_line' id='line_1_27' title="bbox 242 2333 1731 2393; baseline -0.001 -16"><span class='ocrx_word' id='word_1_177' title='bbox 242 2348 318 2392; x_wconf 85' lang='grc' dir='ltr'><em>ρος</em></span> <span class='ocrx_word' id='word_1_178' title='bbox 355 2336 649 2393; x_wconf 85' lang='grc' dir='ltr'><em>κρουματικῆς</em></span> <span class='ocrx_word' id='word_1_179' title='bbox 689 2335 919 2379; x_wconf 81' lang='grc' dir='ltr'><em>διαλέκτου</em></span> <span class='ocrx_word' id='word_1_180' title='bbox 957 2335 1115 2392; x_wconf 80' lang='grc' dir='ltr'><em>ὄνομα.</em></span> <span class='ocrx_word' id='word_1_181' title='bbox 1185 2333 1382 2386; x_wconf 76' lang='grc' dir='ltr'><em>Εὔπολις</em></span> <span class='ocrx_word' id='word_1_182' title='bbox 1411 2333 1578 2391; x_wconf 83' lang='grc' dir='ltr'><em>Δήμοις</em></span> <span class='ocrx_word' id='word_1_183' title='bbox 1623 2334 1731 2376; x_wconf 84' lang='grc' dir='ltr'><em>Τοι-</em></span> 
     </span>
     <span class='ocr_line' id='line_1_28' title="bbox 244 2404 1731 2464; baseline -0.001 -15"><span class='ocrx_word' id='word_1_184' title='bbox 244 2404 362 2449; x_wconf 68' lang='grc' dir='ltr'><em>αῦτα</em></span> <span class='ocrx_word' id='word_1_185' title='bbox 399 2407 553 2464; x_wconf 86' lang='grc' dir='ltr'><em>μέντοι</em></span> <span class='ocrx_word' id='word_1_186' title='bbox 587 2407 679 2451; x_wconf 87' lang='grc' dir='ltr'><em>κτλ.</em></span> <span class='ocrx_word' id='word_1_187' title='bbox 755 2411 849 2451; x_wconf 89' lang='lat' dir='ltr'><em>Non</em></span> <span class='ocrx_word' id='word_1_188' title='bbox 889 2412 942 2452; x_wconf 84' lang='lat' dir='ltr'><em>de</em></span> <span class='ocrx_word' id='word_1_189' title='bbox 976 2412 1147 2452; x_wconf 81' lang='lat' dir='ltr'>homine</span> <span class='ocrx_word' id='word_1_190' title='bbox 1177 2411 1353 2451; x_wconf 87' lang='lat' dir='ltr'>barbaro</span> <span class='ocrx_word' id='word_1_191' title='bbox 1395 2414 1437 2451; x_wconf 81' lang='lat' dir='ltr'><em>et</em></span> <span class='ocrx_word' id='word_1_192' title='bbox 1474 2408 1731 2450; x_wconf 77' lang='lat' dir='ltr'>balbutiente</span> 
     </span>
     <span class='ocr_line' id='line_1_29' title="bbox 244 2472 1731 2536; baseline -0.004 -13"><span class='ocrx_word' id='word_1_193' title='bbox 244 2479 352 2524; x_wconf 82' lang='lat' dir='ltr'><strong>haec</strong></span> <span class='ocrx_word' id='word_1_194' title='bbox 380 2480 617 2536; x_wconf 80' lang='lat' dir='ltr'>intelligere</span> <span class='ocrx_word' id='word_1_195' title='bbox 648 2482 826 2522; x_wconf 82' lang='lat' dir='ltr'>debebat</span> <span class='ocrx_word' id='word_1_196' title='bbox 856 2483 1036 2535; x_wconf 86' lang='lat' dir='ltr'>Raspius</span> <span class='ocrx_word' id='word_1_197' title='bbox 1066 2496 1105 2535; x_wconf 88' lang='lat' dir='ltr'><em>p.</em></span> <span class='ocrx_word' id='word_1_198' title='bbox 1138 2483 1208 2532; x_wconf 80' lang='lat'><em>71,</em></span> <span class='ocrx_word' id='word_1_199' title='bbox 1239 2482 1315 2522; x_wconf 83' lang='lat' dir='ltr'>sed</span> <span class='ocrx_word' id='word_1_200' title='bbox 1345 2482 1456 2534; x_wconf 87' lang='lat' dir='ltr'>quod</span> <span class='ocrx_word' id='word_1_201' title='bbox 1486 2472 1582 2533; x_wconf 56' lang='lat' dir='ltr'>ipsa&#39;</span> <span class='ocrx_word' id='word_1_202' title='bbox 1604 2477 1731 2518; x_wconf 78' lang='lat' dir='ltr'>verba</span> 
     </span>
     <span class='ocr_line' id='line_1_30' title="bbox 246 2552 1731 2603; baseline -0.002 -10"><span class='ocrx_word' id='word_1_203' title='bbox 246 2552 444 2603; x_wconf 78' lang='lat' dir='ltr'>suadent,</span> <span class='ocrx_word' id='word_1_204' title='bbox 486 2553 539 2593; x_wconf 83' lang='lat' dir='ltr'><em>de</em></span> <span class='ocrx_word' id='word_1_205' title='bbox 569 2553 726 2593; x_wconf 83' lang='lat' dir='ltr'>musico</span> <span class='ocrx_word' id='word_1_206' title='bbox 757 2553 870 2593; x_wconf 82' lang='lat' dir='ltr'>inani</span> <span class='ocrx_word' id='word_1_207' title='bbox 900 2553 1204 2593; x_wconf 80' lang='lat' dir='ltr'>levissimarum</span> <span class='ocrx_word' id='word_1_208' title='bbox 1236 2553 1592 2595; x_wconf 79' lang='lat' dir='ltr'>cantiuncularum</span> <span class='ocrx_word' id='word_1_209' title='bbox 1623 2555 1731 2590; x_wconf 79' lang='lat' dir='ltr'>stre·</span> 
     </span>
     <span class='ocr_line' id='line_1_31' title="bbox 245 2617 1732 2677; baseline -0.001 -13"><span class='ocrx_word' id='word_1_210' title='bbox 245 2622 339 2676; x_wconf 81' lang='lat' dir='ltr'>pitu</span> <span class='ocrx_word' id='word_1_211' title='bbox 378 2623 570 2665; x_wconf 82' lang='lat' dir='ltr'>molesto.</span> <span class='ocrx_word' id='word_1_212' title='bbox 642 2623 688 2665; x_wconf 89' lang='lat' dir='ltr'><em>ln</em></span> <span class='ocrx_word' id='word_1_213' title='bbox 723 2623 860 2664; x_wconf 85' lang='lat' dir='ltr'>Photii</span> <span class='ocrx_word' id='word_1_214' title='bbox 889 2625 1026 2664; x_wconf 86' lang='lat' dir='ltr'>verbis</span> <span class='ocrx_word' id='word_1_215' title='bbox 1056 2619 1326 2677; x_wconf 82' lang='grc' dir='ltr'><em>κρουματικὴ</em></span> <span class='ocrx_word' id='word_1_216' title='bbox 1357 2617 1580 2669; x_wconf 80' lang='grc' dir='ltr'><em>διάλεκτος</em></span> <span class='ocrx_word' id='word_1_217' title='bbox 1618 2622 1732 2664; x_wconf 84' lang='lat' dir='ltr'>idem</span> 
     </span>
    </p>
   </div>
   <div class='ocr_carea' id='block_1_9' title="bbox 248 2690 1733 2810">
    <p class='ocr_par' dir='ltr' id='par_1_9' title="bbox 248 2690 1733 2810">
     <span class='ocr_line' id='line_1_32' title="bbox 251 2690 1733 2750; baseline -0.001 -15"><span class='ocrx_word' id='word_1_218' title='bbox 251 2696 316 2735; x_wconf 76' lang='lat' dir='ltr'>est</span> <span class='ocrx_word' id='word_1_219' title='bbox 350 2695 463 2745; x_wconf 86' lang='lat' dir='ltr'>quod</span> <span class='ocrx_word' id='word_1_220' title='bbox 501 2690 771 2749; x_wconf 77' lang='grc' dir='ltr'><em>κρουματικὴ</em></span> <span class='ocrx_word' id='word_1_221' title='bbox 802 2691 913 2746; x_wconf 72' lang='grc' dir='ltr'><em>λέξις</em></span> <span class='ocrx_word' id='word_1_222' title='bbox 943 2695 1054 2750; x_wconf 82' lang='lat' dir='ltr'>apud</span> <span class='ocrx_word' id='word_1_223' title='bbox 1080 2693 1300 2748; x_wconf 78' lang='lat' dir='ltr'>Polybium</span> <span class='ocrx_word' id='word_1_224' title='bbox 1331 2693 1393 2734; x_wconf 89' lang='lat' dir='ltr'><em>Ill</em></span> <span class='ocrx_word' id='word_1_225' title='bbox 1422 2694 1491 2736; x_wconf 78' lang='lat'><em>36.</em></span> <span class='ocrx_word' id='word_1_226' title='bbox 1531 2693 1601 2735; x_wconf 88' lang='lat' dir='ltr'>ubi</span> <span class='ocrx_word' id='word_1_227' title='bbox 1638 2693 1733 2735; x_wconf 81' lang='lat' dir='ltr'>vide</span> 
     </span>
     <span class='ocr_line' id='line_1_33' title="bbox 248 2762 483 2810; baseline -0.004 0"><span class='ocrx_word' id='word_1_228' title='bbox 248 2762 483 2810; x_wconf 76' lang='lat' dir='ltr'>Beisldum.</span> 
     </span>
    </p>
   </div>
  </div>
 </body>
</html>
