1786 3210
677 143 940 192 ΠΕΡΣΑΙ.
1476 145 1560 196 ⁸21

73 259 233 313 Pha-yn.
251 272 294 314 p.
314 260 411 302 436.
460 261 568 303 Tum
599 258 763 311 τηλιῶν
789 260 938 313 scripsi
968 273 1045 313 pro
1073 257 1139 302 θ’
1166 258 1303 313 ἡλίων
1333 260 1563 316 praeeunte
1604 293 1611 297 -

43 329 260 379 ·Kuhnio‚
310 331 379 383 qui
418 336 558 373 tamen
595 333 705 373 male
741 332 1058 383 interpretatur.
1133 333 1269 374 Recte
1314 339 1362 374 ut
1398 336 1563 378 videtur

68 399 416 442 Hemsterhusius
447 403 499 443 ad
526 401 740 444 Polluc.X
773 402 827 441 18
857 401 1053 443 admonet
1082 404 1331 446 scholiastae
1347 405 1561 459 Aristoph-

68 470 177 512 mut.
210 472 347 512 1038:
384 472 466 528 acala
501 468 556 521 δὴ
596 470 673 512 καὶ
708 465 833 519 ἰδίως
871 468 1068 513 ἐκαλεῖτο
1109 471 1242 524 τηλία
1269 470 1562 530 περίφραγμα

24 540 27 542 ’
67 530 266 581 σανίδων
303 540 350 582 ἐν
386 539 441 599 τῇ
486 538 658 598 ἀγορᾷ,
697 540 744 582 ἐν
775 531 808 597 ᾧ
837 537 1007 597 ἄλφιτα
1035 540 1341 600 ἐπιπράσκετο.
1414 547 1561 599 ltaque

67 612 243 664 perinde
284 618 349 653 est
388 627 436 654 ac
474 615 509 654 si
540 615 781 667 scripsisset
810 609 861 653 τὸ
893 610 1077 654 παιδίον
1107 612 1158 655 τὸ
1189 613 1333 656 πολλὰ
1362 616 1440 656 καὶ
1469 613 1560 657 ἀπὸ

67 680 242 721 πολλῶν
274 680 437 732 τηλιῶν
473 679 701 738 ἀγοράζον.
775 685 898 738 Quod
928 685 998 726 alii
1029 696 1372 740 comparaverunt
1404 701 1455 728 ex
1482 689 1558 730 Al-

66 752 274 806 ciphronis
311 756 447 807 Epist.
479 756 540 796 111
570 757 650 797 53:
696 752 784 795 τῶν
829 751 918 795 ἀπὸ
956 754 1034 806 τῆς
1070 753 1226 807 τηλίας
1264 754 1365 799 τινὰ
1404 755 1555 798 νεανί-

65 834 196 874 σκων,
226 838 250 865 a
281 825 545 868 Pherecratis
575 827 670 867 loco
700 827 886 867 alienum
919 831 996 868 est.

713 1000 717 1006 ·
762 978 878 1020 Vlll.

177 1063 409 1107 Scholiasta
439 1066 654 1120 Aristoph.
686 1068 793 1108 Ran.
838 1068 946 1108 362:
991 1059 1021 1116 ἢ
1062 1062 1314 1122 τάπόρρητ’
1354 1063 1556 1121 ἀποπέμ-

63 1134 157 1185 πει]
199 1131 308 1189 πρὸς
347 1132 450 1184 τούς
480 1133 757 1187 ποιήσαντας
786 1134 889 1185 τοὺς
922 1134 1222 1192 Φερεκράτους
1252 1135 1460 1192 Πέρσας·
1499 1133 1556 1177 τὰ

61 1199 146 1258 γὰρ
184 1201 414 1261 ἀπόρρητα
451 1200 658 1260 ἥκουσιν,
696 1203 755 1256 ὥς
791 1207 874 1248 νῦν
916 1203 1028 1261 ἡμῖν
1065 1205 1191 1258 ἔθος.
1257 1211 1378 1251 Haec
1413 1208 1554 1262 paullo

62 1277 350 1319 audacioribus
399 1280 648 1320 coniecturis
705 1281 880 1319 tentavit
928 1280 1011 1320 Th.
1062 1281 1273 1334 Bergkius
1321 1281 1555 1320 Comment.

61 1360 102 1400 p.
132 1349 230 1389 294.
288 1349 422 1389 Recte
457 1363 531 1403 pro
563 1342 746 1399 ἥκουσιν
778 1351 994 1390 Dobraeus
1026 1351 1200 1404 corrigit
1229 1344 1431 1400 ἤκουσεν,
1462 1350 1554 1390 sive

61 1418 201 1471 potius
230 1413 450 1469 ἤκουσαν,
482 1426 527 1460 ut
558 1422 689 1461 voluit
719 1420 979 1470 Dimiorfius,
1011 1423 1080 1474 qui
1107 1426 1320 1475 postrema
1349 1420 1476 1460 verba
1507 1419 1555 1460 in

62 1488 155 1530 cod.
187 1490 373 1531 Floreat.
405 1491 462 1529 ita
499 1491 583 1546 legi
623 1491 726 1531 mihi
765 1487 983 1531 indicavit:
1021 1486 1081 1540 ὠς
1121 1489 1201 1531 νῦν
1232 1490 1276 1532 ἐκ
1306 1488 1436 1545 (ἐπὶ)
1467 1486 1556 1529 τῶν

61 1556 318 1616 μυστηρίων
371 1557 493 1610 ἔθος.
570 1563 716 1616 Itaque
755 1562 837 1603 hoc
878 1562 978 1603 dicit
1017 1562 1260 1612 scholiasta,
1308 1556 1554 1616 ἀπόρρητα,

63 1644 170 1685 quae
193 1633 496 1687 Aristophanes
527 1635 580 1675 de
611 1634 740 1675 rebus
771 1634 911 1674 vetitis
942 1634 1056 1684 dixit,
1088 1634 1310 1675 Persarum
1340 1637 1555 1674 auctorem

65 1703 119 1743 de
149 1705 358 1756 mysteriis
387 1706 555 1745 dixisse.
630 1705 835 1757 Mysten-ia
876 1709 1015 1744 autem
1047 1718 1097 1744 eo
1129 1717 1254 1746 sensu
1282 1703 1555 1760 intelligenda

62 1774 271 1825 videntur,
302 1788 426 1827 quem
454 1776 594 1829 attigit
625 1775 863 1816 Lobcckius
892 1776 1097 1829 Aglaoph.
1127 1789 1169 1829 p.
1199 1776 1269 1816 85.

517 2196 565 2237 Jl
625 2198 666 2238 E
726 2197 768 2253 Τ
822 2196 867 2237 ,Α
922 2197 970 2237 A
1024 2194 1090 2237 H.

793 2322 825 2361 Ι.

238 2392 378 2453 Οὗτος
407 2399 557 2445 πόθεν
586 2395 746 2458 ἦλθες,
775 2403 831 2447 B.
862 2398 923 2453 εἰς
955 2399 1168 2444 Κολωνὸν
1198 2399 1341 2454 ἱέμην,

233 2484 286 2528 οὐ
315 2485 394 2529 τὸν
424 2486 650 2545 ἀγοραῖον,
680 2487 793 2547 ἀλλὰ
823 2486 902 2530 τὸν
932 2487 1020 2528 τῶν
1051 2486 1237 2528 ἱππέων.

177 2602 481 2656 Argumentum
519 2605 626 2646 Oed.
658 2605 750 2647 Col.
781 2603 1000 2658 Sophoclis
1031 2616 1071 2655 p.
1102 2603 1130 2642 7
1169 2601 1343 2642 Herm:
1379 2611 1550 2653 μνημο-

64 2663 178 2710 νεύει
203 2669 292 2711 τῶν
321 2671 441 2714 δυεῖν
470 2672 695 2715 Κολωνῶν
729 2670 1006 2729 Φερεκράτης
1044 2670 1091 2711 ἐν
1120 2666 1305 2727 Πετάλῃ
1337 2667 1413 2711 διὰ
1443 2666 1551 2710 τού-

63 2747 178 2780 των·
223 2731 363 2790 Οὗτος
391 2740 540 2786 πόθεν
567 2737 707 2798 ὴ’κεις,·
739 2743 831 2787 κτλ.
899 2747 1149 2799 Harpocrat.
1179 2758 1221 2798 p.
1254 2740 1415 2784 114'9:
1453 2739 1553 2780 ἐκα-

121 2821 293 2857 Comoed.
329 2827 404 2858 ant.
1226 2815 1281 2856 21
