1786 3210
256 168 343 210 490
573 143 575 147 ⁴
835 166 1144 212 EUPOLmlS

254 279 325 333 ξιν
350 275 410 331 ὥς
437 277 703 324 κίναιδον
742 279 837 324 τὸν
868 280 1207 325 Μελάνθιον
1245 283 1476 339 διαβάλλει
1513 288 1606 330 καὶ
1645 285 1741 333 κό-

250 351 408 396 λακα.
478 356 757 397 Melambium
801 355 900 396 dicit
940 362 1106 411 poetam
1147 358 1350 411 tragicum
1381 360 1604 412 gulositate
1631 364 1740 406 inra—
1785 375 1786 414 ς

250 439 376 469 mem.
435 427 486 468 V.
517 428 627 468 Hist.
658 428 750 468 orit.
781 441 823 481 p.
854 429 953 469 206.
1013 430 1126 472 Huic
1155 430 1284 484 igitur
1314 431 1452 473 locum
1483 433 1594 474 inter
1623 439 1738 477 oete-
1785 439 1786 454 ¹

249 511 323 538 ros
350 498 509 540 Calliae
539 499 778 540 adulatores
808 506 1074 541 concesserat
1106 502 1303 556 Eupolis:
1346 516 1425 544 nee
1455 505 1591 546 minus
1618 504 1737 547 Mar-

240 570 371 624 psiae
406 569 549 611 Oresti
586 574 628 610 et
670 570 1021 625 Chaerepkonti.-
1053 573 1115 613 De
1158 574 1482 627 Chaerephonte
1519 578 1640 618 testis
1670 582 1736 619 est

247 641 380 682 schol.
413 642 598 683 Platonis
630 643 759 684 Bekk.
790 655 832 695 p.
864 643 970 683 331:
1008 639 1202 692 Εὔπολις
1241 639 1290 683 δ’
1323 643 1369 684 ἐν
1409 641 1580 698 Κόλαξι
1611 645 1737 688 Kaz-

245 708 346 751 λίου
373 707 542 752 κόλακα
573 711 699 766 λέγει.
759 715 822 754 De
851 714 1013 756 duobus
1042 717 1214 769 reliquis
1243 718 1486 771 Anonymus
1524 719 1735 770 (fortasse

243 785 472 838 Aelianus)
511 785 665 827 Suidae
705 799 742 827 v.
779 783 1053 838 βομβοῦσιῐ
1092 802 1134 842 p.
1165 788 1274 829 441:
1319 788 1394 828 καὶ
1431 788 1477 829 οἱ
1514 790 1613 845 περὶ
1652 789 1759 842 τὴν·

242 853 479 897 Διονυσίου
509 853 784 910 βομβοῦντες
813 851 1055 911 τράπεζαν,
1091 856 1166 897 καὶ
1196 859 1295 915 περὶ
1324 859 1406 910 τὴν
1434 857 1732 919 Ἀλεξάνδρου

238 923 482 982 μεμηνότες
512 927 645 968 δαῖτα
674 928 749 970 καὶ
775 932 923 983 χεῖρα,
961 928 1036 968 καὶ
1074 924 1202 971 ἄλλοι
1240 929 1287 971 δὲ
1316 932 1391 973 καὶ
1422 928 1549 974 ἄλλοι
1576 925 1640 974 ὦν
1668 923 1730 974 εἶ-

239 1011 351 1051 πον,
400 994 687 1055 Ὀρέστης,
749 997 1051 1057 Μαρψίας,
1111 999 1369 1044 Καλλίου
1417 1002 1512 1045 τοῦ
1550 1001 1729 1056 Ἀθη-

239 1068 406 1121 ναίου
442 1068 682 1120 κόλακες
723 1069 820 1113 σὺν
869 1069 1085 1129 ἑτέροις.
1165 1076 1282 1127 Quae
1323 1089 1404 1118 non
1443 1078 1586 1119 dubito
1626 1079 1725 1132 quin

239 1149 358 1185 reete
386 1144 439 1184 ad
469 1146 690 1199 Eupolidis
722 1145 904 1186 fabulam
934 1145 1170 1185 rettulerim
1203 1146 1311 1187 Hist.
1344 1149 1436 1189 crit.
1467 1150 1622 1202 p.137.
1653 1150 1724 1190 ubi

237 1216 291 1257 de
322 1221 505 1270 utroque
531 1217 703 1258 homine
733 1217 853 1256 attuli
889 1217 1102 1269 Aristoph.
1134 1218 1209 1258 Av.
1240 1218 1326 1258 712
1360 1223 1402 1258 et
1432 1221 1721 1262 Acharn.701.

233 1289 296 1330 De
325 1289 567 1342 Protagora
603 1288 704 1328 item
745 1289 790 1328 in
819 1289 976 1329 Galliae
1009 1288 1297 1329 adulatoribus
1323 1290 1377 1329 ab·
1405 1291 1614 1344 Eupolide
1645 1303 1722 1332 nu-

230 1365 390 1402 merato
421 1375 461 1402 v.
490 1361 659 1413 Fragm.
686 1360 724 1402 X
753 1364 795 1399 et
824 1359 897 1401 XI.
958 1361 1048 1401 Nee
1078 1359 1130 1399 de
1166 1359 1374 1403 Cleocrito
1405 1362 1564 1413 dubito,
1595 1376 1720 1416 quem
1739 1353 1748 1359 ³

231 1446 282 1474 ex
312 1432 454 1475 fabula
493 1438 636 1474 nostra
678 1435 976 1473 commemorat
1006 1431 1231 1473 scholiasta
1259 1433 1473 1488 Aristoph.
1507 1437 1584 1477 Av.
1614 1436 1715 1478 877.

229 1505 350 1546 euius
377 1506 504 1546 verba
534 1506 632 1547 vide
658 1505 710 1545 ad
741 1504 972 1545 Demorum
1001 1503 1168 1557 Fragm.
1201 1504 1394 1547 xxxvl.

941 1643 1014 1683 lx,

440 1733 575 1775 Τουτὶ
606 1728 757 1784 λαβών
787 1729 838 1772 τὸ
868 1729 1043 1788 κόρημα
1073 1730 1153 1783 τὴν
1182 1729 1322 1783 αὐλὴν
1351 1727 1480 1788 κόρει.

338 1849 488 1891 Pollux
519 1850 556 1890 X
586 1851 663 1889 29:
703 1846 779 1887 καὶ
818 1843 867 1886 τὸ
905 1847 987 1900 μὲν
1028 1845 1179 1896 σκεῦος
1219 1843 1453 1902 (κόρημα)
1483 1846 1557 1888 καὶ
1587 1846 1708 1903 ῥῆμα

222 1920 406 1975 (κορεῖν)
438 1915 523 1960 ὑπὸ
555 1918 634 1960 τοῦ
663 1915 912 1966 Εὐπόλιδος
941 1917 1113 1973 εἴρηται
1141 1918 1188 1959 ἐν
1218 1919 1307 1968 τοῖς
1343 1917 1538 1970 Κόλαξιν
1573 1919 1708 1961 Τουτὶ

217 1988 372 2046 λαβών
400 1991 491 2034 κτλ.
522 1993 734 2046 Suspicari
764 1993 864 2032 licet
895 1991 1007 2031 hunc
1032 2005 1197 2032 versum
1229 2007 1279 2033 ex
1311 2006 1358 2032 ea
1389 1992 1557 2033 fabulae
1587 1999 1706 2047 parte

219 2066 389 2106 ductum
421 2077 529 2114 esse,
558 2065 600 2104 in
633 2077 713 2117 qua
742 2063 868 2103 aedes
891 2063 1048 2103 Calliae
1081 2064 1335 2117 excipiendis
1366 2063 1600 2117 hospitibus
1631 2078 1704 2118 ap-

215 2137 480 2193 parabantur.

942 2277 994 2321 X.

427 2359 630 2405 ’Ἔνδοθι
658 2359 740 2414 μέν
769 2359 862 2403 ἐστι
894 2356 1199 2417 Πρωταγόρας
1226 2356 1255 2403 ὁ
1287 2356 1433 2413 Τήιος,

440 2444 488 2498 ὃς
518 2442 825 2498 ἀλαζονείνεται
848 2445 945 2502 μέν,
974 2442 1211 2500 ἁλιτήριος,

437 2534 536 2590 περὶ
566 2532 651 2575 τῶν
681 2528 920 2587 μετεώρων,
951 2530 1007 2572 τὰ
1037 2506 1083 2572 δὲ
1108 2530 1323 2588 χαμᾶθεν
1352 2528 1513 2572 ἐσθίει.

323 2651 533 2704 Diogenes
564 2648 773 2691 Lae1·t.1X
786 2647 866 2687 50:
899 2641 1216 2701 Πρωταγόρας,
1248 2640 1531 2698 ’Λβδηρίτηῇ
1561 2639 1692 2684 καθ·ιὲ

212 2730 354 2776 φησιν
379 2716 681 2775 Ἠρακλείὸης
698 2745 750 2752 -
771 2714 831 2765 ὠς
862 2713 909 2757 δ’
928 2713 1122 2764 Εὔπολις
1140 2711 1350 2766 Κόλαξιν,
1387 2713 1543 2764 Τήϊος·
1577 2713 1692 2770 φησὶ

208 2787 298 2850 γάρ
342 2787 545 2834 ’Ένὸοθι
588 2790 670 2845 μέν
706 2789 799 2833 ἐστι
836 2788 927 2834 κτλ.
1006 2789 1174 2834 Partem
1212 2787 1297 2831 loci
1334 2788 1513 2831 servavit
1542 2789 1692 2831 Eusta-
