1786 3210
194 173 293 214 4⁰8
801 168 1089 210 HERMIPPI

295 280 439 340 αὐτὰρ
468 279 549 323 ἀπ’
579 277 776 335 Εὐβοίας
805 278 962 330 ἀπίους
992 281 1067 322 καὶ
1099 279 1201 337 ἴφια
1230 279 1372 336 μῆλα·

296 363 544 427 ἀνδράποδ’
578 366 624 408 ἐκ
659 365 871 421 Φρυγίας,
901 364 988 407 ἀπὸ
1022 363 1069 407 δ’
1095 364 1344 422 Ἀρκαδίας
1372 363 1638 424 ἐπικούρους.

297 455 347 497 αἱ
375 453 597 508 Παγασαὶ
630 447 814 500 δούλους
843 452 918 493 καὶ
948 449 1214 507 στιγματίας
1245 451 1525 508 παρέχουσιν.

165 569 179 590 ,
212 545 268 586 20
298 539 377 591 τὰς
407 539 453 581 δὲ
484 535 587 587 Διὸς
618 535 840 592 βαλάνους
870 537 945 578 καὶ
975 534 1214 592 ἀμύγδαλα
1246 534 1510 592 σιγαλόεντα

297 620 598 682 Παφλαγόνες
629 622 892 679 παρέχουσι·
926 620 981 663 τὰ
1011 620 1094 680 γάρ
1123 621 1169 667 τ’
1193 620 1473 679 ἀναθήματα
1503 621 1668 675 δαιτός.

303 708 493 761 Φοινίκη
523 706 697 764 καρπὸν
726 705 927 764 φοίνικος
958 709 1034 750 καὶ
1064 706 1318 763 σεμίδαλιν·

302 792 554 853 Καρχηδὼν
585 790 777 843 δάπιδας
807 795 884 835 καὶ
914 791 1092 836 ποικίλα
1123 790 1472 851 προσκεφάλαια.

329 926 572 968 Athenaeus
604 925 622 965 1
653 939 694 978 p.
725 924 781 965 27
798 924 903 964 d.ez
950 918 1227 978 Ἀντιφάνης
1267 936 1354 964 που
1390 919 1414 964 ὁ
1440 920 1608 980 χαρίεις
1645 923 1702 966 τὰ
1773 911 1775 915 ⁸

214 996 260 1050 ἐξ
289 993 473 1047 ἑκάστης
504 992 670 1043 πόλεως
708 987 931 1048 ἰδιώματα
963 987 1078 1035 οὕτω
1107 993 1340 1048 καταλέγει
1367 1022 1424 1028 --
1445 988 1701 1050 (Ἕρμιππος

216 1066 270 1109 δ’
300 1061 440 1116 οὕτως
459 1063 652 1110 ”anm
696 1063 788 1107 κτλ.
856 1068 919 1109 Ad
960 1067 1298 1119 Phormophoros
1338 1066 1444 1107 haec
1479 1068 1703 1111 referenda

216 1155 309 1183 esse
347 1145 510 1183 constat
553 1153 604 1181 ex
631 1138 846 1191 Hesychio
889 1143 931 1178 et
961 1139 1253 1180 Antiatticista.
1319 1138 1372 1180 V.
1402 1139 1453 1179 ad
1484 1153 1544 1182 vs.
1573 1142 1630 1182 20
1660 1146 1704 1183 et

217 1215 388 1265 Quaest.
420 1225 533 1252 scen.
566 1211 584 1251 Ι
618 1224 657 1262 p.
690 1210 741 1249 31
784 1210 914 1257 (Hist.
947 1211 1037 1250 crit.
1070 1224 1110 1263 p.
1143 1210 1232 1259 92).
1301 1209 1457 1251 Locum
1496 1225 1546 1252 ex
1583 1226 1703 1266 para-

216 1284 304 1324 basi
348 1282 516 1322 fabuiae
554 1281 730 1334 petitum
776 1293 869 1319 esse
909 1292 1055 1332 parum
1093 1280 1320 1332 probabilis
1359 1282 1598 1324 coniectura
1639 1289 1704 1325 est

217 1352 486 1396 A-Welandii
517 1352 569 1391 de
600 1351 783 1404 parodiis
813 1351 937 1391 Hom.
950 1365 989 1403 p.
1009 1351 1078 1391 31.
1111 1352 1172 1392 De
1203 1356 1393 1405 tempore
1423 1351 1590 1394 fabulae
1621 1352 1703 1395 dixi

218 1424 329 1466 Hist.
361 1424 452 1464 crit.
497 1424 583 1464 1.1.
655 1423 728 1463 Vs.
762 1422 783 1461 1
830 1435 878 1462 ex
927 1423 1113 1463 Homero
1158 1427 1347 1476 sumptus
1395 1424 1512 1465 Iliad.
1551 1423 1586 1477 β
1618 1426 1704 1466 484

220 1495 396 1548 aliisque
425 1494 543 1535 locis.
584 1520 640 1525 —
680 1493 754 1534 Vs.
784 1493 811 1533 4
850 1490 1015 1533 καυλὸν
1044 1507 1102 1535 sc.
1126 1490 1329 1549 σιλφίου,
1359 1496 1477 1536 cuius
1507 1498 1612 1537 mire
1640 1497 1704 1538 fe-

218 1579 291 1606 rax
322 1564 563 1618 Cyrenaica.
598 1564 693 1605 Vid.
726 1564 757 1603 1.
791 1564 836 1603 P.
869 1565 1030 1618 Thrige
1060 1566 1169 1606 Hist.
1202 1566 1355 1618 Cyren.
1388 1566 1406 1606 1
1438 1580 1478 1619 p.
1500 1568 1582 1607 231
1614 1581 1703 1621 sqq.

221 1637 383 1679 Eckhel
415 1637 556 1676 Doctr.
589 1635 712 1676 Num.
745 1635 801 1675 1V
834 1635 856 1674 1
891 1637 1046 1689 p.119.
1106 1638 1142 1678 A
1172 1637 1338 1677 bubulis
1368 1639 1604 1691 tergoribus
1635 1640 1706 1691 qui

223 1709 418 1762 Cyrenen
450 1706 821 1755 commendaverit,
862 1711 1030 1760 praeter
1060 1708 1337 1760 Hermippum
1368 1709 1454 1748 scio
1484 1710 1707 1752 neminem.

223 1804 280 1812 --
313 1779 427 1820 Vs.o
459 1766 559 1816 αὖτ’
596 1777 807 1817 Iacobsius
839 1779 1007 1818 Anthol.
1046 1778 1174 1819 Palat.
1208 1779 1267 1818 111
1295 1793 1334 1831 p.
1354 1780 1477 1820 1027.
1509 1806 1563 1813 —
1593 1781 1709 1823 Vs.7

223 1844 458 1890 Σιτάλκου,
519 1846 819 1900 Aristophanes
850 1845 1094 1905 Σιτάλκους
1112 1849 1294 1890 Acharn.
1313 1850 1407 1891 141.
1440 1851 1514 1891 sed
1543 1846 1708 1891 Σιτάλ-

224 1933 317 1970 κου,
348 1926 394 1961 ut
424 1920 695 1973 Hermippus,
729 1921 852 1959 etiam
883 1921 1076 1973 Thucyd.
1109 1923 1149 1961 11
1180 1922 1267 1961 29.’
1295 1921 1356 1961 111
1389 1922 1485 1962 101.
1546 1924 1709 1964 Acerbe

226 1998 367 2032 autem
404 1991 589 2035 scabiem
635 2004 658 2032 a
700 1991 852 2031 Sitalca
892 1992 1231 2032 Lacedaemoniis
1272 1992 1486 2033 advectam
1534 1993 1708 2044 iocatur,

226 2063 406 2102 fortasse
437 2075 514 2116 per
542 2062 717 2114 legatos,
748 2073 851 2114 quos
884 2062 1044 2102 misisse
1075 2063 1269 2103 videntur
1299 2063 1631 2113 Lacedaemonii,
1662 2070 1708 2104 ut

229 2134 483 2186 Odrysarum
515 2133 727 2187 dynastam
750 2134 1082 2184 potentissimum
1111 2134 1152 2173 in
1184 2146 1278 2174 suas
1309 2137 1447 2187 partes
1477 2134 1707 2176 traherent.

228 2205 291 2245 De
333 2204 512 2245 Sitaicae
552 2203 728 2243 foedere
767 2216 861 2243 cum
900 2205 1223 2244 Atheniensibus
1266 2205 1330 2244 cfr
1361 2205 1552 2258 Thucyd.
1583 2205 1621 2245 11
1653 2207 1708 2246 29

230 2280 273 2316 et
302 2275 516 2327 Aristoph.
549 2275 730 2316 Acharn.
765 2275 860 2315 142.
893 2300 946 2306 —
980 2276 1050 2317 Vs.
1068 2277 1108 2316 8.
1142 2276 1202 2315 De
1235 2276 1433 2316 Perdicca
1463 2290 1599 2329 neque
1630 2278 1710 2318 La-

230 2346 509 2387 cedaemoniis
540 2359 676 2397 neque
697 2346 1016 2386 Atheniensibus
1046 2347 1161 2386 fideli
1193 2347 1256 2389 cfr
1274 2347 1419 2400 Poppo
1450 2348 1500 2386 ad
1517 2349 1708 2402 Thucyd.

229 2418 313 2457 vol.
345 2417 383 2457 11
418 2431 457 2469 p.
488 2417 586 2458 432.
663 2417 822 2456 ibidem
864 2417 1286 2470 Schweighaeuserus
1324 2413 1467 2470 ψεύδη
1507 2432 1582 2471 pro
1621 2421 1710 2460 vul-

230 2493 326 2542 gato
364 2484 512 2540 ψευδῆ
550 2500 600 2528 ex
637 2488 857 2528 Eustathio
905 2489 957 2528 ad
1002 2489 1118 2528 Iliad.
1159 2485 1200 2540 β’
1242 2503 1282 2542 p.
1313 2490 1394 2529 261
1437 2491 1486 2532 8:
1532 2481 1614 2544 ὅρα
1659 2487 1709 2530 τὸ

231 2552 442 2611 ψεύδεα
483 2556 649 2598 ναυσὶ
679 2553 819 2597 πάνυ
849 2556 1087 2606 πολλαῖς
1119 2557 1408 2614 παραξεσθὲν
1438 2556 1482 2609 ἐξ
1508 2554 1711 2614 Ὀμήρου

231 2626 435 2682 φαμένου
464 2626 511 2667 ἐν
539 2627 630 2676 τοῖς
660 2625 756 2679 ἑξῆς
786 2629 934 2677 (Iliad.
967 2622 1001 2667 v'
1035 2630 1147 2680 247)
1180 2626 1372 2668 δυνατὸν
1400 2619 1514 2669 εἶναι
1536 2625 1711 2672 ὀνείδεα

231 2692 548 2752 μυθήσασθαι
592 2692 679 2739 ὅσα
721 2695 829 2739 οὐδ’
870 2692 926 2737 ἂν
969 2694 1250 2752 ἑκατόνζυγος
1292 2697 1399 2747 ναῦς
1441 2696 1607 2756 ἄροιτο.
1654 2715 1710 2737 ¹—-

233 2769 308 2815 Vs.
339 2770 366 2810 9
406 2783 482 2824 pro
513 2767 592 2818 σῦς
621 2771 865 2814 Eustathius
901 2771 930 2812 1.
961 2769 989 2811 1.
1028 2768 1165 2811 σῖτον.
1233 2773 1293 2814 Ac
1332 2785 1432 2813 sane
1461 2786 1556 2815 sues
1586 2774 1710 2828 Syra-
