1786 3210
261 177 350 223 556
852 182 1155 227 EUPOLIDIS
1706 0 1786 241 ἲ

955 325 1070 368 XIX.

522 405 587 466 Τῇ
611 405 726 463 χειρὶ
752 404 887 458 νῆσοιι
915 406 1284 465 μαλθακωτάτην
1315 408 1486 467 κρόκην.

375 520 620 566 Eustathius
651 521 704 562 ad
733 522 859 564 Hom.
883 524 963 566 Od.
992 519 1032 574 η’
1061 526 1143 566 104
1175 540 1215 580 p.
1241 526 1350 567 1571
1384 524 1464 566 35:
1494 519 1548 565 αἲ
1571 525 1744 579 (γυναῖ-

261 593 350 645 κες)
379 590 432 650 τῇ
456 591 569 646 χειρὶ
598 588 679 642 τὴν
707 588 870 648 κρόκην
898 590 1080 645 ἕνηθον.
1141 592 1334 644 Εὔπολις
1370 593 1435 653 Τῇ
1460 596 1572 651 χειρὶ
1600 594 1742 638 νῶσαι

261 662 351 705 κτλ.
383 664 556 705 Correxi
578 659 727 715 νῆσαι,
760 677 784 705 a
807 662 888 704 νέω
902 679 985 708 non
1016 681 1040 708 a
1071 662 1178 709 νάω.
1208 667 1410 721 Agnoscit
1434 680 1535 709 sane
1564 668 1742 710 formam

261 729 355 774 νάω
384 735 569 788 Etymol.
600 734 662 776 M.
693 749 734 789 p.
766 735 850 777 344
890 738 946 779 in.
978 751 1111 791 eaque
1148 751 1250 779 usus
1280 743 1344 779 est
1372 738 1521 779 Pollux
1551 726 1630 782 Vll
1658 740 1740 782 32:

260 799 335 860 ἐφ’
366 795 421 845 οὗ
461 801 686 854 νήθουσιν
715 799 745 856 ἢ
773 803 934 859 νῶσιν,
977 813 1020 849 et
1050 810 1088 850 X
1118 810 1230 850 125:
1269 807 1345 848 καὶ
1381 805 1472 861 μὴν
1509 809 1586 849 καὶ
1623 805 1742 861 ὄνον,

260 871 341 931 ἐφ’
378 865 433 916 οὗ
471 871 620 919 ναῖσιν.
696 877 782 918 Sed
827 880 878 920 ab
919 881 1154 921 Atticorum
1198 893 1278 921 usu
1316 881 1420 921 haec
1455 881 1572 921 verbi
1607 880 1743 922 formo

260 948 397 989 aliena
434 952 511 989 est.
577 949 669 989 Nec
704 949 966 1002 probandum
997 946 1108 1004 qdod
1136 952 1179 993 in
1211 951 1432 1006 Eupolidis
1461 963 1584 992 versu
1613 951 1742 992 habet

258 1019 483 1061 scholiasta
520 1019 573 1060 ad
603 1019 783 1062 eundem
813 1021 991 1062 Homeri
1026 1022 1188 1063 locum:
1224 1019 1307 1072 τὴν
1341 1016 1502 1076 κρόκην
1539 1019 1595 1078 τῇ
1628 1020 1742 1076 χειρὶ

256 1086 431 1141 ἕνηθον
459 1087 509 1129 αἱ
537 1088 730 1130 παλαιαὶ
759 1091 972 1143 γυναῖκες,
999 1084 1059 1139 ὥς
1088 1105 1176 1132 που
1202 1091 1278 1132 καὶ
1306 1088 1502 1140 Εὔπολίς
1531 1105 1644 1147 φησι
1673 1090 1740 1150 Τῇ

254 1161 368 1218 χειρὶ
397 1158 542 1211 νῆθε
571 1156 938 1214 μαλθακωτάτην
969 1163 1163 1212 (Mediol.
1195 1182 1251 1190 —
1280 1165 1361 1220 τῳ)
1389 1158 1560 1218 κρόκην.
1616 1163 1740 1216 Quod

257 1238 305 1276 ut
327 1245 499 1288 prorsus
528 1233 765 1273 reiiciamus
795 1232 927 1273 efficit
947 1233 1207 1272 verissimum
1231 1235 1592 1287 grammaticorum
1618 1231 1740 1287 'prae-

257 1309 442 1359 ceptum,
472 1301 554 1342 νέω
584 1315 667 1344 non
696 1298 830 1352 νήθω
860 1303 986 1344 attice
1017 1303 1099 1343 dici
1126 1303 1378 1346 docentium.
1443 1305 1620 1346 Photius
1649 1305 1740 1358 qui-

257 1378 355 1419 dem
383 1390 425 1430 p.
456 1376 564 1417 298:
602 1368 789 1425 νήθειν,
827 1370 881 1413 οὐ
915 1369 1058 1428 μόνον
1090 1374 1180 1414 νεῖν
1218 1371 1301 1425 τὴν
1334 1371 1496 1430 κρόκην
1523 1373 1739 1428 λέγουσιν.

256 1449 336 1491 uui
365 1447 548 1490 concinit
576 1445 788 1487 Antiattic.
818 1459 860 1499 p.
890 1446 960 1487 88.
1027 1445 1111 1486 Sed
1140 1450 1258 1488 recte
1288 1447 1438 1487 Pollux
1467 1447 1546 1489 V11
1576 1447 1656 1487 32:
1694 1444 1739 1489 οἱ

253 1515 460 1565 Ἀττικοὶ
492 1515 540 1557 δὲ
577 1514 628 1556 τὸ
669 1511 833 1565 νήθειν
870 1515 961 1556 νεῖν
988 1513 1205 1568 λέγουσιν.
1270 1518 1360 1558 Nec
1399 1530 1578 1571 unquam
1616 1517 1738 1558 aliter

257 1595 424 1634 veteres
449 1588 589 1638 Attici,
618 1592 665 1629 ut
694 1588 792 1629 hinc
821 1588 946 1629 etiam
977 1586 1141 1640 pondus
1172 1589 1343 1630 accedat
1373 1589 1469 1631 crisi
1495 1593 1664 1645 nostrae
1691 1589 1736 1631 in

255 1663 350 1706 loco
378 1661 537 1704 Cratini
566 1659 716 1702 Malth.
747 1659 805 1703 IV
835 1672 877 1713 p.
914 1657 987 1700 75.

951 1772 1045 1814 XX.

437 1855 595 1899 Κλέων
622 1852 903 1913 Προμηθεύς
931 1854 1027 1898 ἐστι
1054 1852 1168 1912 μετὰ
1195 1852 1252 1896 τὰ
1281 1829 1534 1911 πράγματα.

366 1974 576 2015 Lucianus
607 1972 748 2015 Prom.
780 1985 869 2026 cap.
899 1973 950 2013 2:
988 1967 1049 2026 μὴ
1087 1966 1175 2026 ἄρα
1217 1962 1353 2018 οὕτως
1390 1983 1444 2024 με
1473 1969 1732 2025 Προμηθέα

252 2044 394 2100 λέγοις
422 2035 558 2095 εἶναι,
592 2039 650 2091 ὥς
681 2039 704 2083 ὁ
734 2039 922 2096 κωμικὸς
951 2038 1029 2082 τὸν
1058 2038 1244 2082 Κλέωνά
1273 2053 1424 2095 φησιν.
1457 2031 1602 2082 οἶσθα
1631 2042 1733 2097 περὶ

252 2115 420 2159 αὐτοῦ·
449 2114 606 2157 Κλέων
634 2108 913 2169 Προμηθεύς
940 2111 1031 2154 κτλ.
1090 2114 1309 2167 Eupolidis
1339 2125 1433 2154 esse
1462 2126 1628 2155 versum
1657 2127 1730 2156 an==

251 2190 408 2234 notavit
437 2187 672 2231 scholiasta.

934 2295 1048 2337 XXI.

842 2380 1029 2438 Πρῶτος
1059 2378 1143 2436 γάρ
1171 2377 1299 2435 ἡμᾶς,
1330 2369 1364 2420 ὦ
1395 2379 1561 2432 Κλέων,

416 2465 587 2526 χαίρειν
615 2467 857 2523 προσεῖπας
887 2464 1030 2508 πολλὰ
1060 2464 1209 2508 λυπῶν
1238 2463 1320 2516 τὴν
1348 2460 1491 2509 πόλιν.

369 2584 530 2625 Moeris
558 2583 684 2625 Attio.
713 2596 755 2636 p.
786 2582 894 2621 417:
929 2577 1118 2635 Χαίρειν
1147 2578 1196 2620 ἐν
1224 2575 1434 2635 ἐπιστολῇ
1462 2576 1630 2633 πρῶτος
1660 2577 1730 2618 λε’-

251 2668 376 2710 γεται
403 2650 577 2709 γράψαι
604 2651 761 2694 Κλέων
794 2646 1072 2701 Ἀθηναίοις
1107 2647 1220 2704 μετὰ
1260 2646 1311 2690 τὸ
1340 2647 1495 2702 λαβεῖν
1524 2647 1604 2699 τὴν
1632 2646 1730 2691 Πύ-

253 2724 345 2770 λον.
403 2721 540 2765 ἔνθεν
577 2723 655 2764 καὶ
691 2720 769 2764 τὸν
796 2718 988 2776 κωμικὸν
1015 2716 1349 2763 ἐπισκώπτοντα
1378 2713 1514 2761 εἰπεῖν
1542 2718 1731 2776 Πρῶτος
1785 2765 1786 2780 3

255 2792 341 2854 γὰρ
372 2792 489 2852 ἡμᾶς
526 2793 620 2838 κτλ.
684 2795 884 2849 Eupolidi
919 2795 1025 2837 haec
1067 2793 1269 2837 vindicavi
1296 2792 1407 2835 Hist.
1439 2793 1531 2835 crit.
1560 2806 1603 2847 p.
1634 2792 1729 2835 115.
1785 2788 1786 2795 ’

1774 242 1786 352 i

1779 355 1786 410 ξ
