1786 3210
265 215 350 258 142
891 200 1127 252 anTl'Nl

963 380 1038 420 llI.

268 483 457 542 Χαίρετε
488 478 717 536 δαίμονες,
756 472 803 519 οἵ
827 473 1081 532 Λεβάδειαν
1111 475 1331 521 Βοιώτιον
1361 469 1514 535 οὖθαρ
1543 475 1746 536 ἀρούρης.

377 597 635 652 Hephaestio
675 594 778 637 VIII
818 606 859 647 p.
889 593 967 634 44:
1016 591 1221 644 κέκληται
1267 593 1313 635 δὲ
1355 591 1746 650 Ἀριστοφάνειον,

263 667 342 713 οὐκ
376 663 731 723 Ἀριστοφάνους
774 661 884 704 αὐτὸ
924 660 1127 720 εὑρόντος
1158 661 1357 721 πρώτου,
1396 665 1489 707 ἐπεὶ
1519 667 1595 707 καὶ
1624 663 1748 722 παρὰ

261 738 471 797 Κρατίνῳ
500 734 615 779 ἐστί’
647 732 838 791 Χαίρετε
866 734 958 778 κτλ.
992 738 1058 779 Ad
1077 738 1368 791 Trophonium
1397 739 1502 780 haec
1534 741 1745 794 pertinere

263 815 368 855 vidit
401 810 648 853 Runkelins.
706 808 769 849 De
786 808 1040 849 Lebadensis
1071 809 1160 862 agri
1190 809 1409 852 fertilitate
1437 817 1630 852 accurate
1660 811 1745 852 dis-

261 886 392 926 seruit
423 884 474 926 Ο.
505 882 741 923 Muellerus
773 879 971 921 Orchom.
1002 894 1042 934 p.
1074 881 1144 922 87.

542 1126 691 1185 Ξὶᾳιζε
722 1128 798 1169 καὶ
829 1124 1006 1180 σπόὸιζε
1038 1129 1115 1171 καὶ
1145 1128 1414 1184 ὃιαρρικνοῦ.

369 1245 554 1300 Etymol.
586 1245 647 1286 M.
678 1259 719 1298 p.
750 1246 835 1286 270
866 1244 908 1286 5.
967 1242 1373 1299 Λιαρρικνοῦσθαιι
1402 1241 1453 1284 τὸ
1483 1240 1565 1294 τὴν
1587 1237 1744 1297 ,ὀσφὺν

256 1316 473 1375 φορτικῶς
503 1312 740 1373 περιάγειν.
774 1309 957 1371 Κράτης
993 1313 1236 1373 Τροφωνίῳ
1266 1312 1417 1371 Ξίᾳιζε
1459 1314 1534 1357 καὶ
1565 1310 1744 1365 σπόδιζε

255 1390 332 1432 καὶ
363 1386 632 1445 διαρρικνοῦ.
693 1391 878 1431 Zonaras
911 1390 1008 1430 Lex.
1041 1403 1083 1443 p.
1114 1389 1217 1431 529.
1255 1386 1662 1444 Λιαρρικνοῦσθαιε
1691 1381 1744 1426 τὸ

254 1459 337 1512 τὴν
374 1457 522 1514 ὀσφὺν
566 1457 782 1516 φορτικῶς
817 1455 1054 1515 περιάγειν.
1114 1456 1295 1515 Κράτης
1323 1454 1473 1514 Ξίᾳιζε
1513 1458 1588 1500 καὶ
1626 1451 1743 1499 ond·

210 1583 217 1587 1
256 1531 343 1584 διζε
373 1534 473 1584 (sic)
503 1530 579 1572 καὶ
610 1528 866 1589 διαρρίκνου
947 1534 1140 1585 Utroque
1177 1533 1271 1573 loco
1303 1533 1461 1574 Cratini
1492 1545 1644 1573 nomen
1675 1544 1744 1572 re·-

255 1590 495 1661 ponendum
529 1617 623 1644 esse
652 1605 734 1645 iam
766 1606 864 1646 olim
906 1606 1062 1646 monui.
1132 1605 1278 1645 Crates
1316 1618 1398 1645 non
1441 1605 1606 1658 scripsit
1634 1603 1744 1644 Tro-

178 1685 182 1688 ’
254 1679 470 1735 phonium.
539 1676 622 1717 Pro
665 1671 843 1726 σπόδιζε
881 1678 1073 1718 Bekkero
1104 1681 1284 1718 testante
1321 1678 1364 1718 in
1396 1677 1487 1718 cod.
1520 1675 1650 1717 Paris.
1681 1673 1744 1715 le·-

254 1752 368 1806 gitur
409 1743 619 1796 σπάθιζε.
680 1749 798 1791 Idem
839 1750 882 1790 in
921 1751 1083 1790 Zonara
1119 1748 1249 1788 habet
1287 1749 1380 1789 cod.
1420 1749 1469 1788 K.
1538 1746 1742 1800 Exempla

253 1822 371 1864 verbi
410 1816 654 1869 σπαθίζειν
692 1834 774 1861 non
823 1822 900 1861 nisi
943 1834 992 1860 ex
1022 1821 1192 1860 infimae
1229 1814 1467 1873 graecitatis
1504 1818 1742 1875 auctoribus

253 1893 426 1947 collegit
464 1892 620 1935 Hasius
660 1892 724 1943 ad,
751 1893 882 1933 Leon.
924 1892 1037 1931 Diae.
1070 1891 1128 1931 IX
1169 1904 1210 1944 p.
1242 1891 1326 1931 242
1356 1892 1406 1932 A.
1474 1882 1566 1942 Quo
1607 1876 1742 1931 minuc

252 1964 563 2020 praetereunda
593 1969 658 2004 est
690 1964 773 2004 Viti
809 1963 981 2017 Pergeri
1012 1962 1250 2002 coniectura
1281 1976 1304 2003 a
1323 1961 1527 2003 Runkelio
1558 1975 1742 2003 comme-

252 2040 411 2079 morata
442 2030 591 2083 πόόῖζε
623 2035 886 2088 corrigentis.
950 2034 1096 2074 Pollux
1111 2034 1167 2076 IV
1197 2035 1254 2074 99
1286 2034 1338 2075 de
1368 2034 1632 2075 saltationum
1664 2047 1741 2075 no-

253 2110 432 2150 minibus
474 2120 620 2162 agens:
670 2103 866 2146 ἐκαλεῖτο
906 2103 953 2145 δέ
983 2119 1026 2144 τι
1056 2104 1130 2144 καὶ
1161 2102 1370 2160 ξιφισμός
1406 2103 1482 2145 aaz
1519 2101 1741 2160 ποδισμὸς

251 2179 329 2221 καὶ
359 2176 645 2236 ῥικνοῦσθιιι.
690 2179 869 2220 Videtur
899 2182 1038 2217 autem
1069 2173 1288 2229 ποδισμὸς
1318 2177 1464 2217 eadem
1495 2176 1626 2217 fuisse
1657 2177 1741 2217 sal-

252 2253 355 2294 tatio
388 2265 510 2305 quam
543 2247 730 2302 βίβασιν
768 2249 972 2290 vocabant
1003 2248 1337 2288 Lacedaemonii.
1406 2248 1456 2288 V.
1489 2248 1649 2288 Polluc.
1682 2247 1742 2291 1V

253 2324 351 2364 102.
428 2324 489 2364 De
528 2318 747 2377 ξιᾳισμῷ,
792 2321 862 2374 qui
902 2319 1076 2360 sublatis
1120 2320 1309 2361 manibus
1352 2319 1601 2369 saltabatur,
1644 2318 1741 2360 vide

253 2394 391 2449 intpp.
423 2394 628 2448 Hesychii
658 2393 742 2435 vol.
774 2392 813 2433 11
846 2405 886 2445 p.
918 2391 1016 2431 704.

367 2611 644 2665 Harpocratio
675 2622 717 2663 p.
744 2608 801 2648 80
830 2605 882 2648 52
913 2603 1053 2658 λέγειν
1082 2593 1138 2655 ἦν
1166 2597 1430 2656 εἰθισμένον
1458 2600 1740 2653 ἐπέθηκεν

253 2677 579 2733 ἐπιστολήν,
620 2675 724 2721 ἀντὶ
763 2675 843 2719 τοῦ
881 2674 1152 2731 παρέδωκεν,
1189 2671 1248 2724 ὠς
1276 2672 1575 2728 Λημοσθένης
1603 2671 1651 2713 ἐν
1680 2670 1740 2729 τῷ

252 2748 362 2808 ὑπὲρ
395 2748 666 2806 Χρυσίππου
696 2746 805 2805 πρὸς
833 2745 915 2800 τὴν
948 2743 1208 2802 Φορμίωνος
1237 2741 1554 2802 παραγραφήν,
1611 2743 1739 2800 Κρα-

255 2823 375 2873 τῖνος
406 2818 456 2863 δ’
489 2821 536 2863 ἐν
570 2818 827 2878 Τροφωνίῳ.
887 2821 1062 2862 Constat
1092 2815 1331 2868 ἐπιστολὴν
1360 2818 1415 2859 de
1444 2817 1592 2871 quovis
1621 2829 1737 2858 man·
