1786 3210
657 158 980 223 ΜΑΡΙΚΑΣ.
1234 196 1236 199 «
1482 188 1567 234 501

82 297 133 334 αἴτ’
185 291 214 333 5
246 291 298 335 Γ.
329 286 548 342 ἠκούσατ’
578 280 613 333 ὦ
644 286 870 343 συνήλικες

237 372 313 418 ἐπ’
345 373 592 435 αὐτοφώρῳ
622 374 788 419 Νικίαν
818 371 1113 433 εἰλημμένον,-

239 460 299 506 Β.
328 457 449 519 ὑμεῖς
477 460 561 520 γὰρ
586 453 620 504 ὦ
652 463 972 520 φρενοβλαβεῖς

233 544 409 602 λάβοιτ’
442 545 498 590 ἂν
528 546 663 607 ἄνδρ’
692 545 877 605 ἄριστον
908 549 955 592 ἐν
987 547 1108 607 κακῷ
1138 562 1247 602 nm,-

175 661 422 705 Plutarchus
446 665 497 707 V.
529 665 620 706 Nic.
652 678 742 720 cap.
772 668 829 710 IV
870 668 924 708 de
955 666 1100 708 Niciae
1131 679 1233 719 erga
1263 678 1409 707 omnes
1450 665 1558 708 libe-

60 731 223 774 ralitate
253 735 491 777 disserens.
529 732 679 778 ἐδίόου
716 734 800 791 γὰρ
843 733 926 791 οὐχ
958 728 1095 788 ἧττον
1124 736 1216 784 τοῖς
1245 735 1386 784 κακῶς
1416 736 1560 778 ποιεῖν

0 789 13 828 3
59 798 369 858 ὃνναμὲνοις’
350 821 376 857 η
406 810 497 855 τοῖς
527 796 575 847 εὗ
604 803 790 862 πάσχειν
818 806 970 861 ἀξίοις.
1037 806 1135 848 Καὶ
1173 801 1287 855 ὅλως
1328 803 1556 863 πρόσοδος

0 859 11 900 Ῑ·
59 860 116 923 ἦν
155 872 294 917 αὐτοῦ
334 878 426 926 τοῖς
464 892 509 918 τε
548 880 756 932 πονηροῖς
793 876 821 930 ἡ
865 876 1007 920 δειλία
1047 878 1124 918 καὶ
1164 879 1254 927 τοῖς
1286 878 1496 933 χρηστοῖς
1525 874 1553 930 ἡ

0 944 10 971 ⁸
63 942 408 1002 ιμλανθρωπία.
471 949 644 1003 Λαβεῖν
675 949 720 990 δὲ
750 951 849 1005 περὶ
882 947 1050 992 τούτων
1079 947 1331 1006 μαρτυρίαν
1360 950 1436 990 καὶ
1465 948 1556 990 τῶν

0 1007 8 1042 ²
56 1015 261 1071 κωμικῶν
298 1015 407 1062 ἔστι.
474 1022 577 1064 Mox
615 1023 740 1063 allato
778 1021 1005 1062 Teleclidis
1045 1023 1138 1063 loco
1177 1023 1334 1076 (supra
1365 1036 1406 1075 p.
1437 1023 1552 1075 371)

56 1086 114 1128 ita
143 1091 304 1144 pergit:
350 1087 374 1132 ὁ
414 1088 465 1131 δ’
498 1089 576 1133 ὑπ’
605 1089 856 1140 Εὐπόλιδος
894 1088 1241 1148 κωμῳδούμενος
1282 1091 1330 1132 ἐν
1361 1090 1552 1150 Μἀρικᾷ

50 1155 263 1214 παράγων
293 1158 393 1202 τινὰ
430 1160 519 1202 τῶν
557 1158 861 1218 ἀπραγμόνων
899 1163 974 1203 καὶ
1006 1160 1206 1213 πενήτων
1237 1162 1350 1217 λέγει
1381 1160 1551 1205 Πόσου

47 1225 212 1284 χρόνου
251 1230 336 1288 γὰρ
374 1232 468 1276 κτλ.
539 1236 613 1278 Vs.
645 1237 672 1276 2
716 1236 922 1289 Bergkius
965 1237 1210 1277 Comment.
1248 1251 1289 1290 p.
1321 1237 1405 1277 356
1448 1237 1549 1278 citat

49 1297 128 1342 οὐκ
154 1292 288 1347 εἶδον.
320 1330 375 1338 ·—
419 1307 491 1348 Vs.
522 1307 550 1346 3
580 1301 694 1361 ἀνὴρ
726 1313 767 1347 et
797 1304 1034 1360 ἑωρακέναι
1065 1308 1183 1357 libri3
1214 1309 1396 1347 correxit
1426 1309 1547 1348 Run·

48 1373 195 1434 kel'gls.
253 1401 311 1408 ·—
368 1378 441 1420 Vs.
472 1378 499 1417 4
551 1378 619 1418 alii
653 1379 749 1418 libri
779 1378 942 1419 solenni
974 1379 1180 1418 varietate
1216 1373 1401 1431 μαθών.
1462 1379 1545 1419 Pro

0 1443 1 1450 ’
45 1434 163 1486 εἶδεν
199 1448 424 1503 Bergkius,
473 1449 543 1501 qui
582 1449 695 1490 hunc
733 1461 898 1490 versum
946 1451 1137 1502 pauperi,
1170 1451 1359 1503 quintum
1402 1453 1543 1490 autem

44 1525 290 1574 sextumque
322 1532 526 1573 personae
556 1521 592 1562 A
622 1520 696 1569 (h.
729 1534 765 1562 e.
800 1520 1012 1571 Maricae)
1046 1522 1252 1575 assignat,
1282 1521 1450 1574 scripsit
1479 1517 1541 1559 εἰ·

44 1586 139 1642 δον,
169 1596 213 1632 et
242 1585 488 1646 προύδίδου
519 1604 569 1632 eo
601 1605 726 1633 sensu
766 1592 922 1632 dictum
954 1593 1097 1632 statuit
1130 1598 1176 1633 ut
1206 1594 1259 1633 sit
1290 1597 1394 1632 ante
1422 1593 1539 1634 dare.

44 1661 245 1704 Maricam
283 1668 422 1704 autem
462 1663 566 1703 illud
606 1664 780 1704 verbum
823 1676 949 1704 sensu
987 1664 1149 1718 vulgari
1175 1663 1388 1718 prodendi
1417 1675 1538 1704 acce-

45 1733 178 1787 pisse,
219 1738 344 1786 atque
385 1733 485 1774 hinc
514 1735 747 1775 exclamare
777 1735 849 1774 illa
877 1729 1095 1784 ἠκούσατ’
1122 1723 1156 1774 ὦ
1190 1730 1418 1784 συνήλικες
1444 1732 1536 1778 κτλ.

42 1805 198 1848 Fateor
227 1805 423 1858 equidem
453 1819 522 1847 me
552 1820 605 1847 ne
639 1807 699 1847 sic
729 1807 897 1859 quidem
926 1807 1052 1847 istum
1086 1819 1249 1848 versum
1280 1807 1533 1860 intelligere.

39 1901 98 1911 ·—-·
139 1876 210 1919 Vs.
239 1875 268 1916 5
315 1871 556 1926 συνήλικες.
626 1879 818 1933 Respicit
858 1878 1005 1921 Pollux
1042 1878 1136 1920 loco
1180 1891 1306 1933 supra
1336 1878 1389 1920 ad
1421 1875 1532 1921 Κολ.

38 1945 187 2002 fragm.
218 1947 356 1992 XXVI
389 1948 612 2003 adscripto.

767 2074 839 2117 v1.

136 2152 305 2198 ''Axove
333 2156 415 2199 νῦν
445 2156 728 2215 Πείσανδρος
757 2155 816 2208 ώς
845 2156 1110 2202 ἀπόλλυται.

149 2239 204 2284 Β.
235 2238 260 2283 ὁ
287 2239 522 2299 στρεβλόςε,
553 2243 614 2286 Α.
644 2242 722 2285 οὐκ
751 2241 853 2284 ἀλλ’
883 2241 907 2284 ὁ
938 2244 1089 2296 μέγας,
1121 2242 1406 2291 acuminatos.

148 2355 379 2398 Scholiasta
410 2357 623 2411 Aristopli.
654 2359 731 2399 Av.
758 2358 892 2399 1555:
925 2352 1006 2397 δίο
1038 2355 1085 2410 (Σὲ
1115 2351 1200 2397 ειόἰ
1232 2352 1521 2411 ΙΙιίσανϋροι,

31 2422 242 2480 καθάπερ
282 2422 473 2475 Εὔπολις
515 2425 562 2467 ἐν
602 2426 790 2484 ,Μαρικᾷ
829 2440 970 2482 φησιν
1000 2423 1165 2468 ”Λκουε
1203 2425 1283 2467 νῦν
1323 2423 1518 2467 Πείσαν-

30 2494 133 2553 δρος
149 2496 240 2540 κτλ.
299 2499 410 2541 Vs.l
447 2494 706 2540 ἀπόλλυται.
736 2501 797 2541 De
827 2505 962 2541 morte
988 2500 1176 2540 Pisandri
1206 2500 1273 2539 hic
1304 2500 1369 2552 agi
1402 2502 1518 2540 recte

29 2574 154 2624 negat
180 2571 436 2612 Fritzschius
466 2573 581 2613 Actis
611 2573 765 2613 Societ.
790 2585 851 2626 gr.
879 2573 895 2613 1
920 2588 959 2626 p.
979 2574 1075 2614 137.
1106 2574 1171 2613 vix
1201 2573 1355 2612 idoneo
1378 2575 1515 2612 tamen

0 2649 132 2696 ¹usus
176 2649 448 2696 argumento,
488 2644 598 2697 quod
640 2638 888 2683 ἀπόλλυται
931 2645 1146 2698 scripserit
1187 2642 1385 2696 Eupolis,
1430 2655 1512 2683 non

0 2721 1 2724 ¹
30 2703 267 2755 ἀπόλωλεν.
314 2715 410 2769 lpse
438 2717 563 2756 vertit
591 2716 753 2757 iudicio
784 2716 1102 2771 condemnatur.
1149 2715 1369 2756 Existimat
1400 2714 1510 2754 enim

29 2781 320 2838 Hyperbolum
344 2787 558 2842 peculatus
589 2787 746 2829 aliusve
776 2787 958 2830 criminis
990 2789 1227 2830 accusatum
1257 2786 1391 2841 ipsum
1423 2788 1511 2825 tan-
