1786 3210
210 163 295 207 248
816 155 1106 200 cRATE'rls

211 277 284 319 Vs.
314 275 338 316 1
369 287 446 329 pro
475 286 554 328 μοι
584 273 677 314 cod.
708 273 830 315 Voss.
860 265 926 312 τό.
965 289 1023 299 --
1062 268 1136 311 Vs.
1169 269 1196 309 2
1225 267 1321 309 libri
1352 257 1387 325 ᾧ
1414 266 1476 322 μὴ
1506 267 1697 325 τυχόντι,

212 347 405 389 Correxit
434 346 659 387 Gesnerus.
691 363 746 370 —
787 343 859 385 Vs.
877 342 904 381 3
933 342 968 381 si
999 340 1193 390 Cratetis,
1224 353 1307 380 non
1338 341 1585 396 Antiphanis
1614 345 1700 388 fra·

210 423 424 473 gmentum
455 419 532 466 est,
563 414 827 456 scribendum
858 405 914 461 ἢν
943 424 1020 464 pro
1050 405 1120 451 ἄν.
1178 411 1259 464 Qui
1289 412 1331 452 in
1361 413 1447 453 fine
1475 413 1701 469 fragmenti

211 491 338 544 vulgo
381 489 545 529 additus
586 486 739 541 iegitur
777 495 942 532 versus,
983 478 1063 521 τοῦ
1092 479 1169 531 ζῆν
1199 478 1282 537 γὰρ
1312 478 1454 532 οὐδεὶς
1480 480 1539 534 ὥς
1568 482 1592 527 ὁ
1621 503 1702 541 γη,
1754 490 1766 531 '1

214 556 390 615 ράσκων
419 555 511 613 ἐρᾷ,
544 569 639 597 eum
669 559 787 595 recte
818 568 842 594 a
872 553 1024 594 ceteris
1054 555 1262 608 separavit
1292 555 1373 597 iam
1397 556 1582 602 Grotius.
1624 561 1702 603 So·

212 632 374 686 phoclis
406 642 499 672 esse
529 625 738 668 senarium
769 625 941 666 aliunde
971 629 1146 667 constat.

945 779 1000 820 II.

408 868 466 914 ‘O
495 869 578 928 γὰρ
603 866 763 928 χρόνος
791 866 843 926 μ’
877 866 1066 926 ἔκαμψε,
1097 868 1259 911 τέκτων
1285 866 1341 912 οὗ
1371 869 1527 929 σοφός,

410 951 591 1000 ἅπαντα
622 953 672 999 δ’
706 953 992 1012 ἐργαζόμενος
1020 951 1345 1014 ἀσθενέστερα.
1412 957 1415 958 ’

269 1098 272 1100 ,
327 1073 533 1117 Stobaeus
547 1074 696 1116 Floril.
720 1073 805 1113 116
835 1073 912 1114 31.
944 1073 1027 1114 Pro
1058 1066 1110 1113 οὗ
1142 1074 1283 1115 nescio
1314 1087 1366 1115 an
1396 1079 1581 1128 praestet
1608 1075 1706 1130 μέν,
1785 1105 1786 1125 3

215 1144 327 1198 quod
356 1146 513 1189 habent
557 1145 650 1187 cod.
681 1146 804 1188 Voss.
836 1149 879 1185 et
909 1158 1052 1213 margo
1083 1145 1274 1186 Gesneri.
1348 1146 1463 1187 Idem
1503 1154 1705 1202 sequutus

215 1221 280 1258 est
308 1218 498 1260 Grotius:
528 1216 600 1258 Me
629 1222 792 1271 tempus
821 1218 1081 1267 incurvavit,
1114 1218 1314 1272 egregius
1334 1218 1479 1270 faber,
1512 1218 1603 1262 Sed
1630 1224 1704 1277 qm·
1772 1224 1786 1273 3

215 1287 496 1331 imbecilliora
524 1288 667 1329 reddit
698 1288 855 1330 omnia.

926 1412 1003 1454 ΠΙ.

270 1498 359 1553 Ὠς
390 1502 436 1545 δὲ
465 1498 670 1560 μαλακὸν
698 1501 775 1544 καὶ
802 1500 925 1558 τέρεν
954 1497 1006 1542 τὸ
1031 1496 1270 1557 χρωτίὸιόν
1297 1500 1408 1556 ἐστ’,
1436 1494 1474 1546 ὦ
1502 1505 1624 1551 θεοί.

274 1588 351 1631 καὶ
380 1585 465 1647 γὰρ
494 1585 731 1644 ἒβλίμαζον
760 1583 915 1639 αὐτήν,
944 1582 971 1638 ἦ
1005 1583 1054 1628 δ’
1087 1583 1311 1644 ἐφρόντιζ’
1344 1586 1446 1632 οὐδὲ
1477 1590 1536 1635 ἕν.

335 1706 521 1746 Zonaras
551 1705 653 1746 Lex·
680 1717 722 1758 p.
753 1703 851 1744 394.
889 1697 1153 1755 Βλιμάζεινε
1186 1698 1451 1755 ἀποστάζειν
1480 1704 1560 1748 τοῦ
1589 1706 1710 1761 μέλι-
1759 1702 1777 1749 s

220 1787 308 1823 τος.
366 1772 461 1816 ἔστι
498 1772 545 1814 δὲ
581 1773 656 1815 καὶ
696 1769 747 1813 τὸ
792 1771 1038 1830 ψηλαφᾶν,
1076 1765 1135 1822 ὥς
1166 1787 1280 1830 φησι
1312 1773 1493 1832 Κράτης
1534 1775 1622 1829 Ὠς
1661 1778 1709 1822 δὲ

221 1843 552 1902 μαλακὸν,κτλ.
612 1846 720 1887 Vide
751 1846 910 1887 Cratini
940 1847 1108 1900 Fragm.
1139 1860 1181 1899 p.
1213 1847 1308 1889 183.

800 2056 936 2102 Πάνυ
964 2057 1048 2118 γάρ
1075 2060 1197 2103 ἔστιν
1225 2057 1483 2117 ὡρικώτατα

479 2144 535 2188 τὰ
563 2141 718 2188 τιτθί’
749 2139 897 2204 ὥσπερ
924 2146 1069 2203 μῆλον
1098 2142 1128 2199 ἢ
1155 2145 1418 2204 μιμαίκυλα.

339 2262 582 2305 Athenaeus
613 2261 653 2302 11
685 2274 728 2315 p.
758 2260 815 2302 50
833 2275 871 2302 e.
912 2262 965 2303 de
1001 2257 1286 2316 μιμαικύλοις
1316 2264 1549 2305 disserens:
1588 2259 1712 2320 Κρά-

226 2346 306 2385 της
333 2328 469 2373 Πάνυ
506 2328 589 2388 γάρ
627 2330 749 2373 ἐστιν
785 2328 1046 2388 ὡρικώτατα
1075 2332 1166 2376 κτλ.
1235 2336 1298 2377 lta
1327 2337 1569 2377 Dindorfius
1599 2350 1650 2399 εξ
1677 2337 1712 2378 Β

225 2419 303 2460 pro
332 2399 598 2460 ὠρικωτάτη,
630 2404 742 2457 quod
770 2408 887 2458 tenet
917 2406 1160 2447 Eustathius
1191 2407 1243 2448 ad
1266 2408 1416 2461 Odyss.
1433 2421 1474 2460 p.
1492 2408 1604 2447 1633
1632 2407 1713 2448 58:

226 2469 375 2532 ὥσπερ
413 2473 486 2517 ἐπὶ
527 2471 676 2515 κάλλει
718 2469 770 2513 τό
807 2471 1132 2531 ὠρικωτάτη
1178 2474 1240 2517 τὰ
1281 2474 1487 2518 τιτθία
1531 2469 1714 2532 ὥσπερ
1772 2467 1781 2515 ³.

228 2543 411 2601 μῆλον
439 2539 469 2596 ἢ
496 2541 848 2601 μιμαίκυλον.
908 2547 1124 2587 Dobraeus
1155 2549 1333 2590 Advers.
1365 2549 1405 2589 11
1435 2562 1478 2601 p.
1499 2549 1584 2589 297
1615 2562 1714 2591 con·
1771 2536 1775 2597 Α,

230 2618 341 2659 ficit:
384 2613 502 2658 πάνυ
540 2613 624 2672 γάρ
653 2613 774 2656 ἐστιν
802 2611 938 2671 ὠρικὰ
969 2614 1023 2655 τὰ
1052 2614 1214 2658 τιτθία
1243 2616 1335 2659 κτλ.
1380 2619 1492 2671 quod
1533 2619 1715 2662 fortasse
1771 2622 1774 2624 ’

229 2700 376 2730 verum
406 2692 491 2738 est,
522 2700 768 2740 quamquam
799 2682 917 2728 πάνυ
946 2700 1040 2730 cum
1070 2689 1323 2743 superlativo
1354 2690 1621 2734 coniunctum
1650 2691 1715 2732 ni·

232 2759 295 2802 hil
324 2758 568 2802 offensionis
597 2759 736 2800 habet.
