1786 3210
505 143 768 187 FABULAE
802 142 1109 185 lNcER'rAE.
1163 158 1167 162 ¹
1464 143 1547 184 221

22 308 24 311 ,
66 253 309 316 aequalem,
339 263 383 301 et
411 271 518 312 quae
550 259 603 299 de
634 258 767 299 altero
800 257 933 297 Callia
963 243 1216 305 afferuntur,
1248 268 1298 296 ex
1328 256 1419 296 aliis
1450 257 1552 297 Cra-

65 334 142 375 tini
183 332 337 373 fabulis
377 331 508 386 petita
553 343 660 370 esse.
730 328 812 369 Th.
858 327 1064 382 Bergkius
1106 327 1273 380 quidem
1316 327 1550 369 Comment.

64 418 108 459 p.
137 406 194 446 22
223 405 348 445 etiam
377 404 483 444 haec
513 402 565 442 de
596 400 728 441 Callia
762 399 921 439 maiore
951 398 1224 452 intelligenda
1254 399 1436 451 putavit,
1475 399 1552 440 sed

31 480 114 530 *ut
153 476 256 517 mihi
301 475 469 529 quidem
515 472 764 513 sententiam
809 484 892 511 non
937 471 1209 524 persuaserit.
1270 470 1375 509 Nam
1423 482 1551 522 quum

66 548 221 590 Callias
253 548 271 588 1
302 547 449 599 opibus
480 543 778 592 abundaverit,
818 544 902 582 non
943 556 1041 583 sane
1070 543 1320 596 intelligitur
1348 554 1430 594 quo
1460 542 1554 582 iure

64 620 103 661 is
131 612 397 671 στιγματίας
427 629 477 656 eo
502 615 670 668 quidem
702 626 783 666 quo
815 613 1060 655 scholiastes
1089 614 1223 655 voluit
1251 626 1378 654 sensu
1408 613 1554 667 appel-

64 692 143 732 lari
173 690 370 744 potuerit.
439 688 528 728 Nec
560 686 613 726 de
644 685 735 726 eius
765 683 983 726 adulteriis
1014 686 1237 739 quidquam
1269 685 1319 726 ab
1350 685 1441 726 aliis
1470 690 1555 725 tra-

65 763 198 803 ditum
230 765 306 802 est.
354 760 522 813 Optime
554 762 693 798 autem
726 761 768 797 et
799 757 904 797 haec
934 761 978 796 et
1007 770 1113 810 quae
1143 761 1363 810 praeterea
1393 756 1553 798 homini

65 835 166 875 vitio
196 833 322 874 vertit
351 831 610 880 scholiastes,
640 829 892 869 conveniunt
921 829 963 868 in
997 829 1170 869 Calliam
1200 827 1255 867 Π.
1315 829 1377 868 De
1395 828 1552 878 Phoco,

66 905 183 945 cuius
212 916 385 944 uxorem
415 902 583 942 vitiasse
613 900 777 950 dicitur,
808 899 913 939 nihil
932 899 1034 939 mihi
1066 903 1325 953 compertum
1356 904 1444 950 est3
1475 912 1554 941 nec

65 977 120 1017 de
156 975 323 1017 nomine
362 974 461 1014 satis
501 975 684 1023 constat,
725 970 929 1023 siquidem
966 971 1109 1024 paullo
1146 976 1242 1025 post
1279 973 1390 1025 apud
1429 972 1553 1013 scho-

62 1048 214 1089 liasten
261 1046 367 1087 haec
407 1045 632 1098 leguntur:
675 1037 699 1082 ὁ
747 1037 978 1082 Φωκίων
1020 1032 1149 1089 οὗτος
1189 1037 1419 1096 μοιχαλίὸ’
1452 1038 1550 1097 ἔσχε

63 1118 267 1173 γυναῖκα,
296 1107 324 1175 ᾗ
353 1116 473 1168 (fort.
503 1109 577 1170 ἐφ’
611 1106 668 1172 ᾗ)
699 1114 775 1155 καὶ
805 1108 917 1152 iiiia>
947 1109 1164 1162 Καλλίας.
1198 1118 1211 1133 ”

729 1274 875 1315 CXLI.

291 1357 501 1417 Ἀνδρῶν
529 1356 723 1416 ἀρίστων
752 1357 877 1400 πᾶσα
907 1353 1137 1414 γαργαίρει
1165 1354 1305 1407 πόλις.

179 1477 414 1520 Scholiasta
431 1477 557 1519 Arist.
573 1475 755 1516 Acharn.
775 1475 825 1514 3:
856 1468 907 1512 τὸ
925 1470 971 1512 δὲ
1000 1468 1202 1528 γάργαρα
1230 1473 1306 1513 καὶ
1337 1468 1449 1514 αὐτὸ
1481 1472 1555 1515 ἐπὶ

47 1543 274 1600 “πλήθους
302 1543 580 1602 λαμβάνεται
596 1543 671 1587 διὰ
688 1542 769 1596 τὴν
788 1543 1044 1599 συγγένειαν
1073 1542 1183 1600 πρὸς
1215 1541 1266 1585 τὸ
1285 1541 1553 1600 καρκαίρειν.

65 1619 237 1677 εἴρηται
267 1619 312 1661 δὲ
343 1616 446 1660 ἀντὶ
475 1618 555 1659 τοῦ
583 1615 740 1672 ἄφατα
778 1616 855 1658 καὶ
893 1612 1205 1672 ἀναρίθμητοι.
1264 1614 1316 1657 τὸ
1357 1615 1404 1657 δὲ
1444 1613 1549 1673 κάρ-

65 1705 189 1747 καιρε
219 1688 342 1748 παρὰ
383 1689 443 1750 τῷ
485 1688 650 1748 ποιητῇ
694 1686 789 1730 ἔστι
819 1684 1051 1744 ,,κάρκαιρε
1084 1685 1131 1728 δὲ
1161 1688 1268 1741 γαΐα
1312 1684 1554 1730 adamam

67 1764 209 1816 (Iliad.
239 1758 275 1804 v'
309 1763 428 1816 157).
457 1762 681 1818 μέμνηται
708 1760 793 1802 ’καὶ
822 1760 1068 1815 Κρατῖνος·
1124 1756 1328 1813 Ἀνδρῶν
1357 1756 1554 1815 ἀρίστων

64 1833 157 1877 κτλ.
215 1835 377 1877 Eadem
407 1835 558 1876 Suidas
590 1848 624 1875 s.
655 1848 693 1875 ν.
725 1825 1240 1887 ψαμμακοσιογάργαρα.
1282 1834 1419 1888 Vulgo
1450 1827 1552 1888 ἀρί-

66 1917 186 1947 στων
221 1900 421 1960 ἀνδρῶν,
455 1907 567 1960 quod
609 1906 790 1947 correxit
831 1904 1050 1945 Kusterus.
1109 1905 1411 1958 Aristophanes
1440 1907 1552 1960 apud

66 1978 201 2022 schol.
230 1979 259 2021 1.
290 1979 320 2020 l.
352 1972 529 2034 ἀνδρῶν
556 1974 758 2018 ἐπακτῶν
787 1970 897 2016 πᾶσ’
931 1970 1161 2030 ἐγάργαιρ’
1195 1971 1336 2018 ἑστία.

725 2139 894 2181 CXLII.

179 2221 277 2265 Καὶ
304 2219 642 2278 Πολυμνήστει’
676 2219 811 2265 ἀείδει
842 2218 1060 2278 μουσικήν
1091 2235 1134 2262 τε
1164 2220 1406 2276 μανθάνει.

0 2392 1 2403 ¹
182 2337 415 2380 Scholiasta
460 2338 1009 2392 Aristoph.Equ.1284:
1067 2333 1177 2389 μέλη
1221 2333 1553 2390 Ποῑυμνήστου

0 2405 2 2450 ἶ
65 2405 376 2465 Κολοφωνίου,
434 2406 690 2466 κιθαρωὸὸς
721 2406 776 2459 ἠν
805 2399 946 2457 οὗτος.
1007 2406 1230 2463 Κρατῖνος
1274 2408 1371 2450 Καὶ
1399 2408 1551 2451 Πολυ-

0 2518 1 2522 ,
65 2475 281 2536 μνήστεια
310 2478 401 2522 κτλ.
474 2481 590 2522 Idem
630 2494 774 2522 versus
813 2481 924 2535 apud
962 2481 1133 2522 Suidam
1173 2494 1206 2522 s.
1237 2495 1275 2522 v.
1306 2477 1552 2535 Πολύμνη-

36 2577 41 2580 -
68 2564 185 2602 στος.
258 2552 347 2595 crr.
393 2552 570 2594 Photius
616 2553 717 2594 Lex.
762 2566 804 2606 p.
835 2553 945 2593 441:
990 2547 1330 2605 ΙΙολυμνήστει’
1362 2547 1547 2595 deiciam

68 2620 191 2676 γένος
219 2635 262 2664 τι
289 2621 565 2678 μελοποιΐας.
627 2618 915 2677 Κολοφώνιος
946 2620 992 2663 δὲ
1023 2619 1047 2663 ὁ
1077 2620 1418 2679 Πολύμνηστος.
1486 2627 1550 2668 De

69 2693 352 2749 Polymnesto‚
380 2700 506 2749 poeta
535 2696 799 2750 Colophonio
829 2696 1092 2749 perantiquo,
1121 2696 1368 2738 lascivorum
1399 2699 1548 2738 carmi-

69 2777 170 2808 num
198 2771 368 2808 auctore
396 2767 626 2819 notissimo,
656 2767 752 2809 vide
781 2767 962 2809 Fabricii
991 2767 1100 2809 Bibl.
1126 2781 1189 2822 gr.
1219 2767 1260 2809 11
1289 2782 1331 2823 p.
1364 2769 1448 2810 135
1477 2769 1548 2812 cll.
