1786 3210
266 178 353 222 582
846 177 1172 222 PHRYNlcm

268 287 321 332 τὸ
352 287 535 347 πρᾶγμα
565 287 668 342 (τὴν
698 287 958 347 αὐλητικὴν)
985 287 1187 342 σπουδὴν
1210 317 1262 325 --
1280 290 1498 350 Φρύνιχος
1528 294 1772 358 Ἐφιάλτῃ-Α

274 356 337 403 Οὐ
366 362 544 404 τουτονὶ
571 363 723 418 μέντοι
752 361 844 404 κτλ.
912 365 984 408 Vs.
1015 366 1043 405 2
1083 358 1128 403 τ’
1161 359 1369 416 ἐδίδαξας
1398 369 1486 411 VL.
1524 382 1570 411 τε
1599 369 1751 425 διδάξ-
1780 388 1786 403 ·.

266 448 320 483 ας
348 435 471 479 ΑΒΡ.

977 546 1049 588 lv.

379 632 612 673 Scholiasta
652 632 943 685 Aristophanis
980 634 1057 675 Av.
1100 633 1233 673 1297:
1274 645 1299 672 κ
1311 628 1334 672 ό
1345 631 1413 686 βα
1426 630 1517 684 λός
1553 649 1599 677 τε
1637 626 1750 678 εἶναι

269 700 437 756 ἐλέγετο
483 701 558 743 καὶ
605 715 637 743 π
650 715 717 742 τω
722 716 750 756 χ
762 700 864 742 αλα
877 696 938 752 ζώ
949 713 975 742 ν
988 733 1000 754 ,
1049 697 1109 750 ὥς
1156 698 1375 757 Φρύνιχος
1419 703 1467 746 ἐν
1517 703 1749 764 Ἐπιάλτῃ.

267 775 444 816 Midiam
475 774 588 815 dicit.
647 774 709 814 De
748 774 897 815 eodem
934 774 1159 815 scholiasta
1197 775 1370 817 Luciani
1398 777 1440 819 in
1471 778 1613 820 Iovem
1642 783 1751 834 trag.

268 845 308 885 11
339 859 381 899 p.
413 846 517 885 696:
555 842 630 884 καὶ
658 839 717 893 ὥς
747 841 1004 900 πονηρὸν
1035 842 1081 885 δὲ
1111 844 1206 886 καὶ
1236 841 1485 900 κόβαλον
1522 847 1752 889 καὶτῶν

267 911 332 965 δη
344 928 412 970 μο
423 928 452 956 σ
465 911 522 954 ίω
534 927 560 955 ν
600 926 696 956 νοσ
708 929 742 971 φ
754 913 878 967 ιστὴ
893 929 918 957 ν
960 912 1180 973 Φρύνιχος
1217 916 1294 957 καὶ
1333 913 1528 959 Πλάτων
1562 914 1752 972 διαβάλ-

270 984 412 1028 λουσι.
473 988 636 1028 Nomen
676 984 973 1041 πτωχαλαζών
1000 1002 1024 1030 a
1054 989 1294 1044 Phrynicho
1333 992 1558 1046 sumpsisse
1586 991 1753 1033 videtur

269 1058 515 1100 Athenaeus
545 1058 603 1101 VI
632 1071 675 1113 p.
705 1059 790 1100 230
807 1071 844 1100 c.

998 1173 1050 1216 V.

383 1255 531 1297 Pollux
560 1255 641 1298 vll
670 1255 775 1297 103:
805 1250 896 1296 ἀπὸ
923 1251 972 1296 δ’
1007 1252 1219 1314 ἀργυρίου
1248 1252 1667 1314 ἀργυροκόπος,
1694 1254 1753 1307 ὠς

272 1320 490 1382 Φρύνιχος
519 1323 566 1366 ἐν
592 1321 826 1384 Ἐφιάλτῃ.

678 1665 1344 1721 ΚοΝΝοΣ.·)

1004 1793 1037 1835 Ι.
1528 1830 1532 1833 Α

380 1876 565 1931 Etymol.
604 1877 665 1920 M.
705 1880 863 1933 p.-340
899 1879 941 1920 3.
976 1871 1305 1931 Ἐνεργμόςε
1349 1873 1402 1917 τὸ
1443 1871 1494 1917 δ’
1526 1874 1637 1920 αὐτὸ
1677 1879 1755 1921 καὶ

269 1939 456 2001 ἔνερξις,
498 1945 670 2003 κροῦμα
706 1943 1034 2003 κιθαριστικόν.
1093 1943 1346 2003 Εὐφρόνιος
1379 1946 1426 1990 δὲ
1455 1945 1611 1997 τὸνχέν
1637 1949 1751 2008 μέσῃ
1784 1968 1786 1998 5

268 2012 324 2074 τῇ
354 2013 526 2074 κιθάρᾳ
560 2015 886 2069 πασσαλίσκον,
917 2014 983 2059 δι’
1016 2008 1070 2059 οὗ
1098 2014 1125 2069 ἡ
1150 2015 1290 2074 χορδή
1323 2017 1569 2075 διήρτηται.
1633 2019 1754 2074 Φρὺ-
1785 2041 1786 2059 ÷

267 2097 411 2140 νιχος,
454 2087 777 2140 Κοινοτίδητον
813 2084 1036 2145 ἐνεργμόν.
1101 2090 1181 2130 MS
1210 2090 1382 2131 Dorvill.
1422 2091 1533 2143 apud
1562 2090 1755 2132 Gaisfor·

270 2156 386 2199 dium
418 2159 470 2199 ad
500 2160 674 2202 Hesiod.
705 2175 746 2214 p.
779 2162 874 2202 112.
907 2156 1160 2200 Κοννωτίδε
1189 2156 1222 2199 τ’
1256 2156 1406 2215 gups.
1440 2174 1491 2202 ex
1520 2173 1603 2214 quo
1634 2162 1753 2204 Gais-

265 2225 429 2271 fordius
457 2229 561 2272 fecit
595 2225 814 2287 Φρύνιχος
843 2224 1004 2288 Κόννῳ
1048 2226 1114 2271 Τι’
1142 2226 1256 2283 δαίς
1284 2228 1388 2271 τὸν
1416 2228 1694 2288 ἐνεργμόν.

985 2354 1040 2396 Π.

383 2438 636 2495 Hesychius,
673 2433 737 2480 'A
746 2452 766 2479 ε
779 2437 818 2480 2:
850 2436 950 2479 ἀντὶ
979 2436 1058 2479 τοῦ
1088 2436 1178 2487 ἕως.
1242 2434 1461 2495 Φρύνιχος
1489 2434 1650 2497 Κόννῳ
1677 2439 1756 2481 καὶ

266 2503 509 2562 Εὐριπίδης
547 2506 730 2566 Μηδείᾳ
769 2508 936 2562 (1215)
977 2504 1090 2549 ἄπα
1103 2524 1146 2558 ις
1186 2506 1287 2566 γὰρ
1335 2504 1475 2565 δεῦρ’
1517 2506 1604 2550 ἀεὶ
1645 2506 1753 2549 τεί-

268 2588 322 2616 νε
334 2591 350 2617 ι
366 2593 388 2627 ς
417 2578 451 2632 ῥ’
461 2577 477 2620 ι’
489 2593 513 2620 ο
525 2592 568 2623 ν.
604 2582 750 2636 Itaque
781 2582 906 2623 etiam
939 2581 1204 2636 Phrynichus
1233 2582 1386 2623 dixisse
1415 2580 1579 2622 videtur
1609 2577 1636 2620 δ
1642 2593 1660 2619 e
1674 2575 1752 2637 ῦρ”

269 2659 325 2688 ae
335 2660 364 2688 ι.

365 2792 399 2836 ’)
424 2793 463 2827 V.
489 2794 578 2830 Hist.
605 2797 680 2831 crit.
705 2810 738 2842 p.
767 2797 847 2833 154.
