1786 3210
567 158 857 205 ΜΑΛΘΛΚ
860 155 933 204 01.
1450 160 1508 202 ΊΊ

0 273 121 343 ’ἶρίως
149 278 177 335 ἡ
208 275 530 337 λευκοκαλάμη,
567 277 613 332 ἐξ
642 268 696 330 ἧς
725 273 894 332 γίνεται
923 270 1154 331 ἐνδύματα
1184 269 1407 343 ἀμόργινα
1436 274 1506 317 λε.

14 350 198 411 γόμενα.
223 348 254 406 ἢ
282 350 310 405 ἡ
341 350 422 395 τοῦ
449 347 602 394 ἐλαίου
630 345 925 404 ὑποστάθμη,
955 347 1031 390 καὶ
1061 344 1089 399 ἡ
1121 346 1227 404 τρὺξ
1258 346 1338 390 τοῦ
1366 348 1508 395 οἴνου.

15 429 102 472 Ubi
131 428 339 470 Kusterus
377 425 624 479 „confundit
654 423 723 465 hic
752 422 903 465 Suidas
933 422 1037 463 duas
1066 435 1216 473 voces,
1261 416 1434 478 άμόργη
1465 427 1510 466 ct

13 496 241 557 ἅμοργίς.”
285 500 416 542 Immo
447 497 666 540 confundit
694 485 893 550 o’cpwpyt'g,
926 490 1035 546 ίδος,
1066 494 1200 536 linum
1229 497 1511 551 amorginum,

18 578 64 618 et
104 569 304 629 ἅμοργις,
347 584 447 623 εως,
493 570 578 612 olei
612 569 906 611 sedimentum.
987 567 1035 608 In
1074 568 1169 609 loco
1208 568 1378 610 Arcadii
1414 571 1513 623 post

18 642 226 701 ἁλουργὶς
253 644 434 686 fortasse
466 642 621 684 excidit
650 636 851 696 ἀμοργίς.
910 640 1036 695 Apud
1056 640 1382 695 Aristophanem
1412 641 1511 696 Lys.

17 718 105 762 785
127 730 217 773 sqq.
247 717 441 770 ambigue
469 716 513 756 in
543 718 725 767 utroque
755 713 924 755 nomine
954 711 1135 753 luditur:

300 781 480 828 τάλαιν’
513 779 611 839 ἐγώ,
640 780 836 824 τάλαινα
864 781 943 834 τῆς
970 777 1214 838 ἇμὸργιδος

302 854 362 909 ἧν
392 854 565 898 ἄλοπον
594 854 707 897 οἴκοι
736 854 1053 897 καταλέλοιπα.

19 932 125 988 (leg.
155 925 434 988 ἆμοργίδος).
496 929 564 972 Ad
593 942 699 984 quae
729 929 962 989 Lysistssata
991 928 1183 971 obscenor
1206 940 1333 969 sensu
1364 928 1485 971 dicit:

479 1038 485 1043 ,
1025 1013 1141 1050 αυτη
1193 1012 1300 1054 τερα

302 1070 377 1115 ἐπὶ
404 1068 488 1124 τὴν
518 1067 710 1130 ἄμοργιν
737 1068 821 1124 τὴν
850 1066 1022 1113 ἄλοπον
1049 1069 1282 1128 ἐξέρχεται.
1376 1060 1378 1062 V

745 1229 797 1273 V.

305 1310 502 1364 Λευκοὺς
529 1310 617 1356 ὑπὸ
644 1313 809 1356 ποσσὶν
840 1309 951 1369 ἔχων
979 1308 1150 1362 πίλους.

137 1428 289 1473 Pollux
315 1431 399 1474 VII
429 1431 537 1472 171:
574 1425 629 1471 οὗ
658 1424 802 1485 μόνον
830 1427 879 1470 δὲ
908 1425 932 1470 ὁ
962 1426 1038 1470 ἐπὶ
1068 1424 1157 1468 τῶν
1183 1425 1393 1485 κεφαλῶν
1421 1426 1518 1471 ἐπι-

22 1500 260 1557 τιθέμενος
296 1499 423 1551 πῖλος
460 1494 600 1552 οὕτως
628 1499 839 1554 ἐκαλεῖτο,
870 1496 987 1542 ἀλλὰ
1019 1499 1099 1542 καὶ
1127 1496 1152 1541 ὁ
1182 1500 1284 1556 περὶ
1312 1500 1405 1550 τοῖς
1434 1515 1518 1543 πο-

25 1571 115 1626 σίν,
142 1569 201 1624 ὦς
230 1571 597 1631 δηλοΐΚρατῖνος
624 1572 673 1615 ἐν
690 1572 971 1623 Μαλθακοῖς
1001 1570 1141 1627 λέγων
1171 1570 1396 1626 ,,Λευκοὺς
1426 1569 1515 1616 ὑπὸ

25 1646 161 1691 ποσὶν
199 1643 309 1702 ἔχων
344 1643 540 1696 πίλους.”
600 1647 648 1688 In
686 1647 754 1689 his
786 1644 1067 1694 Μαλθακοῖς
1105 1659 1183 1701 pro
1214 1644 1454 1695 Μαλακοῖς
1491 1661 1518 1690 e

25 1721 121 1764 end.
160 1720 371 1774 Iungerm.
417 1720 698 1761 emendatum.
777 1720 887 1761 Tum
935 1732 1013 1774 pro
1060 1716 1199 1772 λέγων
1237 1719 1331 1761 cod.
1373 1719 1516 1763 Kuhn.

107 1786 171 1843 ’ν,
210 1797 253 1834 et
287 1793 333 1834 in
371 1792 532 1834 Cratini
573 1791 668 1834 loco
707 1786 869 1840 κακοὺς
904 1804 982 1845 pro
1020 1786 1199 1839 λευκοὺς
1238 1794 1281 1832 et
1315 1780 1402 1845 εἶχε
1437 1805 1518 1846 pro

74 1875 148 1906 ων.
220 1863 338 1906 Idem
367 1863 519 1905 Pollux
547 1863 587 1905 X
615 1863 697 1905 50:
735 1859 838 1912 τοὺς
873 1860 921 1903 δὲ
960 1860 1061 1919 περὶ
1088 1862 1183 1912 τοῖς
1223 1861 1334 1903 ποσὶ
1362 1858 1521 1912 πίλους

52 1930 78 1946 ”
109 1929 307 1976 Πλάτων
332 1930 476 1991 μόνον
504 1932 552 1976 ἐν
579 1931 829 1993 Συμποσίῳ
859 1929 1010 1991 φήσας
1046 1932 1380 1989 ,,ἒνειλιγμένων
1414 1930 1520 1985 τούς

74 2002 173 2057 ’δας
206 2001 271 2058 εἰς
307 2004 465 2057 πίλους
500 2006 578 2049 καὶ
615 2003 899 2064 α’ρνακίδας,”
942 2000 1059 2047 ἀλλὰ
1094 2007 1172 2048 καὶ
1211 2006 1438 2064 Κρατῖνος
1471 2005 1521 2049 ἐν

0 2084 2 2100 ²
30 2077 312 2129 Μαλθακοῖς
335 2076 559 2133 ,,Λευκοὺς
581 2075 669 2120 ὑπὸ
699 2078 835 2121 ποσὶν
865 2075 976 2134 ἔχων
1003 2075 1201 2128 πίλους.”
1232 2075 1372 2131 ἔξεστι
1388 2077 1436 2120 δὲ
1455 2073 1522 2120 εἰ-

30 2152 130 2192 πεῖν
155 2150 230 2192 καὶ
259 2149 470 2202 πλεκτοὺς
498 2149 666 2201 πίλους.
699 2153 762 2194 Ita
792 2153 903 2194 enim
934 2152 1041 2194 haec
1070 2166 1095 2194 e
1125 2139 1272 2195 codice
1297 2153 1522 2195 emendata

25 2226 145 2265 tunt.
206 2223 272 2266 De
308 2224 414 2266 albis
452 2225 565 2276 istis,
607 2225 756 2278 quibus
796 2225 946 2267 molles
983 2228 1027 2276 ot
1067 2225 1297 2266 effeminati
1326 2225 1521 2267 homines

0 2291 271 2345 s'ntcbantur,
298 2295 505 2339 udonibus
535 2296 755 2338 commode
785 2295 837 2337 Τ.
861 2297 918 2336 Η.
949 2297 1088 2338 attulit
1116 2297 1348 2338 Lucianum
1377 2309 1521 2350 praec.

22 2358 145 2406 'rhet
173 2364 255 2407 vol.
287 2365 348 2406 111
377 2379 419 2420 p.
450 2368 527 2409 162
566 2362 594 2416 ἡ
625 2362 765 2420 ἐμβὰς
793 2362 1020 2406 Σικυωνία
1052 2364 1200 2415 πίλοις
1231 2366 1325 2415 τοῖς
1354 2365 1523 2419 λευκοῖς

8 2448 9 2451 ’
51 2433 348 2492 πιπρὲπουσα.
410 2437 498 2480 cfr.
529 2438 749 2479 Musonius
779 2438 949 2479 Stobaei
978 2440 1094 2481 Flor.
1126 2440 1145 2481 1
1174 2439 1254 2481 84:
1286 2434 1436 2495 χεῖράς
1475 2452 1523 2481 τε

91 2505 109 2548 ὶ
142 2501 286 2557 πόδας
321 2506 541 2564 περιδέσει
579 2503 723 2549 πίλων
762 2503 792 2560 ἢ
822 2504 1104 2565 ὑφασμάτων
1144 2508 1280 2551 τινῶν
1318 2506 1522 2565 μαλακύ-

81 2590 138 2623 ιν,
207 2581 406 2623 Ceterum
442 2581 486 2623 in
516 2580 676 2623 Cratini
713 2594 838 2624 versu
876 2580 1044 2623 ποσσὶν
1080 2582 1229 2637 scripsi
1258 2596 1336 2638 pro
1367 2579 1519 2637 ποσίν.

0 2650 102 2719 „5110
127 2652 256 2707 epicis
284 2652 433 2694 formis
471 2652 517 2694 in
545 2654 820 2707 anapaesticis
859 2654 1050 2695 versibus
1088 2656 1344 2698 comicorum
1375 2657 1519 2699 admo·

0 2722 111 2768 finni
137 2723 233 2766 olim
264 2726 434 2780 quaest.
465 2737 580 2766 scen.
612 2725 653 2766 11
681 2739 723 2780 p.
755 2726 825 2777 25,
864 2727 937 2767 ubi
974 2726 1095 2767 attuli
1125 2740 1175 2768 ex
1204 2728 1404 2770 Anaxilae
1435 2729 1520 2784 Ly-

0 2835 2 2844 ,
37 2804 194 2848 ropoao
233 2795 343 2851 apud
378 2796 535 2840 Athen.
578 2797 660 2839 XII
702 2811 743 2853 p.
784 2798 872 2840 548
896 2811 943 2839 c:
995 2791 1223 2852 Ἕφεσηΐα
1275 2794 1520 2857 γράμματα

19 3070 39 3210 ἓ
