1786 3210
219 192 305 234 432
792 191 1101 234 EUPOLIDIS

173 330 178 341 ·›
219 307 317 349 dam
356 308 547 361 spectare
583 305 686 347 vidit
732 307 857 347 etiam
899 307 979 348 Th.
1017 307 1224 359 Bergkius
1264 307 1498 350 Comment.
1535 322 1577 363 p.
1606 309 1707 362 888,

218 380 291 434 qui
325 383 463 420 tamen
493 391 584 418 rem
614 377 753 431 paullo
785 378 904 418 aliter
934 379 1014 419 sibi
1043 378 1297 419 informavit.
1348 376 1569 420 Existimat
1598 381 1708 423 enim

220 451 273 493 ab
311 450 520 504 Eupolide
557 453 719 501 patrem
761 447 895 490 fuis-e
933 450 1173 499 inductum,
1221 450 1291 502 qui
1329 450 1440 490 filios
1476 463 1575 492 suos
1605 451 1710 492 Pro-

219 522 342 564 damo
389 519 600 561 docendos
652 519 789 559 tradat
834 523 876 560 et
913 521 964 561 ad
1002 521 1186 573 quamvis
1224 534 1413 574 magnam
1467 521 1709 563 mercedem
1769 553 1777 587 :¹

218 593 460 635 solvendam
498 595 687 644 paratum
728 603 774 630 se
813 604 906 631 esse
945 591 1066 632 dicat.
1147 591 1263 631 Idem
1305 592 1514 644 improbat
1551 592 1709 633 Suidae

219 664 538 718 explicationem
569 661 775 714 vertitque
803 662 963 702 solvam
991 662 1222 702 mercedem
1244 677 1532 717 quamcunque
1554 668 1706 717 postu-

220 735 392 777 laverit.
463 733 572 774 Mihi
611 733 683 773 illa
721 733 850 786 ipsius
881 734 1090 786 agricolae
1132 735 1219 773 sive
1249 736 1426 787 pastoris
1457 735 1586 775 verba
1615 747 1709 775 esse
1778 756 1779 759 =

217 807 480 848 videbantur.
549 805 594 845 ln
633 805 719 845 fine
758 804 939 846 fortasse
979 805 1203 858 legendum
1243 797 1385 844 ὅντιν’
1428 800 1484 844 ἄν
1521 817 1575 859 με
1612 801 1707 861 χρῇ.

217 879 303 921 Sed
341 878 446 918 nihil
474 876 651 930 impedit
685 876 910 928 quominus
950 877 1043 918 illas
1075 877 1306 918 tetrametri
1338 877 1500 918 duobus
1530 876 1707 931 pedibus

216 950 389 993 minoris
421 949 621 1002 reliquias
664 961 757 989 esse
787 953 996 1002 putemus.

906 1077 1020 1120 ΧΙΙΙ.

452 1157 632 1212 Ταύτην
659 1157 738 1216 ἐγώ
772 1157 942 1213 ’ζήτουν
968 1156 1107 1202 πάλαι
1137 1157 1219 1211 τὴν
1246 1155 1460 1215 ἁρμογήν.

330 1279 480 1320 Pollux
512 1278 569 1320 lV
598 1277 677 1318 57:
722 1273 804 1326 τὴν
839 1272 1062 1331 ἁρμονίαν
1098 1271 1300 1329 ἁρμογὴν
1334 1270 1530 1322 Εὔπολις
1565 1270 1706 1328 εἴρηκε

221 1345 403 1400 Ταύτην
439 1345 519 1402 ἐγώ
564 1343 705 1388 πάλαι
747 1345 886 1397 ζητῶν
925 1342 1255 1403 την-ἁρμογήν.
1332 1346 1565 1400 lntegriora
1601 1345 1707 1386 haec

214 1424 344 1466 habet
384 1422 534 1464 Suidas
574 1434 612 1461 v.
644 1414 832 1474 ἁρμογή.
891 1415 1086 1467 Εὔπολις
1115 1413 1250 1470 Αἰξίν
1292 1414 1471 1467 Ταύτην
1499 1413 1579 1470 ἐγώ
1612 1411 1705 1466 ἐζή-

212 1505 322 1536 τουν
350 1489 491 1534 πάλαι
520 1489 602 1541 τὴν
633 1486 847 1545 ἁρμογήν.
918 1493 978 1532 De
1009 1491 1245 1532 differentia
1274 1490 1383 1530 inter
1410 1483 1632 1542 ἁρμονίαν
1662 1492 1705 1528 et

214 1561 416 1622 ἁρμογὴν
444 1578 482 1605 v.
515 1563 799 1616 Phrynichum
830 1564 960 1604 Bekk.
992 1576 1032 1615 p.
1064 1562 1118 1601 15
1150 1563 1219 1600 20.
1278 1562 1411 1613 Quem
1444 1560 1496 1600 ad
1527 1559 1703 1600 eandem

211 1639 322 1681 hanc
349 1637 473 1678 huius
504 1634 671 1675 fabulae
701 1638 862 1689 partem
894 1634 1031 1674 locum
1061 1632 1266 1685 Bergkius
1298 1633 1531 1672 Comment.
1548 1644 1590 1684 p.
1618 1629 1703 1670 334

214 1710 391 1759 rettulit,
422 1720 517 1749 eum
547 1719 625 1760 ego
655 1705 765 1747 inter
794 1706 954 1746 incerta
984 1704 1089 1755 (ΙΙΙ)
1121 1703 1319 1743 exhibere
1351 1703 1491 1743 malui.

904 1828 1017 1869 XlV.

461 1913 556 1966 Τὴν
586 1910 937 1969 πανδοκεύτριαν
970 1910 1054 1968 γὰρ
1084 1908 1108 1953 ὁ
1137 1907 1321 1966 γλάμων
1349 1908 1447 1967 ἔχει.

329 2032 562 2076 Scholiasta
603 2029 820 2083 Aristoph.
852 2027 980 2082 Vesp.
1011 2029 1121 2069 897:
1159 2023 1399 2067 ἐκπίνουσι
1436 2024 1589 2079 μέντοι
1624 2023 1701 2064 καὶ

213 2103 265 2149 τὸ
296 2101 320 2146 ὁ
351 2099 542 2158 ἄρθρον.
579 2096 775 2147 Εὔπολις
803 2093 937 2149 Αἰξίν
972 2096 1064 2147 Τὴν
1095 2093 1445 2151 πανδοκεύτριαν
1474 2093 1557 2151 γὰρ
1586 2091 1698 2147 ἀνὴρ

213 2176 239 2221 ὁ
269 2172 450 2233 γλήμων
479 2170 566 2227 ἔχει
646 2172 834 2214 Venetus
873 2165 897 2210 ὁ
929 2165 1105 2224 τλήμων
1134 2165 1245 2224 ἀνήρ
1283 2183 1359 2223 pro
1396 2163 1508 2224 ἀνὴρ
1537 2163 1560 2207 ὁ
1591 2162 1701 2220 γλή-

214 2263 324 2310 μων.
382 2246 532 2289 Delevi
562 2244 666 2285 illud
695 2237 808 2297 ἀνὴρ
838 2247 1068 2296 praeeunte
1092 2242 1283 2283 Porsono
1316 2242 1366 2282 ad
1383 2240 1595 2294 Aristoph.
1625 2239 1653 2281 Ι.
1670 2240 1698 2280 Ι.

213 2319 395 2381 γλάμων
424 2333 501 2374 pro
532 2312 712 2370 γλήμων
737 2315 1004 2356 scribendum
1025 2328 1116 2355 esse
1141 2314 1243 2354 vidit
1256 2311 1512 2355 Fritzschius
1528 2314 1698 2365 quaest.

214 2398 341 2442 Arist.
374 2393 392 2434 1
423 2405 464 2445 p.
495 2390 565 2439 90,
597 2387 667 2441 qui
695 2387 834 2427 locum
865 2386 923 2426 ita
953 2386 1190 2426 constituit:

471 2458 553 2509 τὴν
584 2452 935 2512 πανδοκεύτριαν
963 2453 1047 2510 γὰρ
1076 2453 1099 2494 ὁ
1131 2450 1310 2508 γλάμων
1340 2449 1451 2506 ἀνὴρ

471 2528 569 2585 ἔχει.

215 2611 298 2653 Th.
330 2606 534 2660 Bergkius
574 2603 807 2643 Comment.
841 2612 880 2652 p.
912 2598 996 2638 336
1034 2599 1172 2638 locum
1212 2597 1262 2636 ad
1303 2596 1591 2635 tetrametrum
1628 2606 1696 2633 re-

213 2681 411 2728 vocabat,
452 2672 532 2724 τὴν
570 2666 920 2723 πανδοκεύτριαν
957 2665 1040 2722 γὰρ
1078 2664 1190 2721 ἀνὴρ
1225 2662 1249 2706 ὁ
1275 2660 1456 2719 γλάμων
1486 2659 1570 2717 ἔχει
1601 2661 1694 2706 νῦν.

215 2744 363 2807 Unice
378 2759 524 2788 verum
555 2749 618 2784 est
648 2743 759 2796 quod
785 2741 995 2781 Porsonus
1026 2740 1218 2780 coniecit.
1264 2739 1422 2791 Lippus
1454 2741 1593 2777 autem
1622 2736 1695 2777 ille

215 2836 340 2880 quem
370 2820 481 2861 ridet
509 2815 686 2870 Eupolis
715 2813 1003 2856 Archedemus
1045 2816 1131 2862 est,
1167 2811 1235 2851 cui
1264 2805 1307 2849 Γ
1310 2803 1511 2863 λάμωνος
1541 2819 1695 2863 cogno-

1771 3099 1786 3167 ,ιμ’*θ
1767 3075 1781 3092 ⁴.»
