1786 3210
261 205 345 246 578
847 202 1150 246 mJl’omms

378 318 593 371 Leguntur
633 316 738 358 haee
775 316 884 380 apud
914 317 1233 370 Aristophanem
1272 319 1312 358 in
1345 318 1563 371 Equitibus
1590 322 1689 363 inde
1717 336 1742 364 a

264 401 388 429 versu
410 388 521 428 1288
538 387 603 428 ed.
621 388 742 428 Dind.
775 389 857 428 Pro
875 389 1117 440 Eupolideis
1135 388 1274 428 habita
1291 401 1382 428 esse
1412 389 1534 430 docet
1564 392 1739 434 scholia-

266 464 357 500 stae
388 458 598 499 annotatio
630 458 768 498 versui
799 462 946 510 quarto
962 459 1117 512 (1291)
1148 460 1375 512 adscripta:
1405 455 1450 497 ἐκ
1480 457 1558 500 τοῦ
1591 453 1742 510 „flung

264 517 345 569 οὗν
373 526 577 568 τοιοῦτον
606 523 780 585 ἄνδρα’ζ
807 523 922 582 ᾳασί
961 539 1073 576 τινες
1103 525 1352 577 Εὐπόλιδος
1388 520 1502 570 εἶναι
1540 527 1622 581 τὴν
1650 546 1740 572 πα-

260 596 475 656 ράβασιν,
514 597 600 650 εἴγε
641 598 783 652 φησὶν
820 593 1012 647 Εὔπολις
1054 593 1364 650 ,,Ξυνεποιήσα
1403 597 1462 656 τῷ
1491 601 1741 660 φαλακρῷ.”

262 674 421 725 Quibus
451 671 601 712 similia
631 671 796 724 scripsit
826 670 1049 711 scholiasta
1080 672 1189 712 Nub.
1218 671 1325 712 550:
1355 667 1548 720 Εὔπολις
1576 671 1623 713 ἐν
1650 673 1742 724 τοῖς

261 738 468 789 Βάπταις
506 737 768 781 τούναντίον
809 740 950 795 φησὶν
991 733 1062 781 ὅτι
1099 737 1390 791 συνεποίησεν
1423 738 1742 800 Ἀριστοφάνει

261 808 363 860 τοὺς
402 807 587 859 ‘Ina-sse.
646 810 759 864 λέγει
798 810 845 852 δὲ
883 810 966 861 τὴν
1005 808 1262 853 τελευταίαν
1298 807 1570 866 παράβασιν.
1626 815 1742 870 φησὶ

261 881 332 923 δέ·
366 877 610 931 Κοῖκείνους
638 882 741 931 τοὺς
766 879 951 932 Ἱππέας
981 881 1255 933 συνεποίησα
1280 881 1339 940 τῷ
1360 882 1573 942 φαλακρῷ
1600 881 1740 943 τούτῳ

259 948 601 1008 κᾶδωρησάμην.
669 955 751 1007 Qui
790 955 901 1007 quod
931 951 1014 1005 τὴν
1044 951 1300 1002 τελευταίαν
1330 951 1589 1009 παράβασιν
1626 958 1740 1008 dicit,

258 1026 372 1067 haud
413 1026 539 1066 dubie
574 1028 826 1078 postremam
865 1026 979 1066 illius
1019 1028 1270 1080 parabaseos
1300 1031 1461 1080 partem
1501 1041 1525 1070 a
1554 1029 1737 1070 Nubium

259 1097 483 1138 scholiasta
514 1096 746 1136 accuratius
775 1097 1016 1147 indicatam,
1054 1098 1230 1151 intelligi
1261 1099 1404 1140 voluit.
1462 1099 1611 1152 Neque
1639 1113 1738 1141 vero

258 1168 449 1220 antiquos
485 1167 774 1220 Aristophanis
810 1168 1085 1221 interpretes,
1133 1181 1237 1220 quos
1282 1169 1532 1210 scholiastae
1571 1170 1737 1222 sequuti

258 1242 378 1288 sunt,
416 1242 549 1278 totum
589 1238 670 1277 hoc
709 1238 763 1278 de
799 1238 1008 1291 Eupolide
1045 1239 1213 1278 illorum
1255 1240 1513 1292 potissimum
1544 1252 1737 1280 versuum

258 1314 431 1351 auctore
466 1314 626 1349 temere
662 1308 853 1357 finxisse,
894 1308 969 1348 sed
1010 1309 1135 1349 certis
1167 1314 1209 1349 et
1238 1310 1462 1362 exploratis
1493 1311 1737 1351 testimonii·

259 1380 501 1429 tradidisse,
539 1378 813 1419 certissimum
853 1382 929 1419 est.
1009 1379 1154 1432 Itaque
1193 1380 1330 1420 locum
1369 1381 1479 1421 inter
1518 1382 1736 1435 Eupolidis

258 1451 494 1504 fragmenta
537 1449 734 1490 exhibere
770 1453 885 1490 tanto
922 1449 1058 1490 minus
1106 1450 1310 1500 dubitavi,
1360 1463 1441 1503 quo
1486 1452 1736 1495 luculentius

258 1522 358 1563 inde
391 1521 652 1574 Eupolideae
680 1533 861 1573 poeseos
889 1520 1054 1561 indoles
1085 1522 1279 1573 cognosci
1310 1526 1461 1574 potest.
1521 1522 1597 1563 cfr
1626 1524 1734 1565 Hist.

259 1592 351 1633 crit.
370 1605 411 1645 p.
429 1591 526 1631 112.
586 1591 648 1631 De
679 1604 730 1631 eo
761 1595 899 1631 autem
929 1590 1070 1632 forsan
1101 1592 1279 1631 dubitari
1311 1596 1449 1645 potest
1478 1604 1571 1632 cum
1600 1594 1736 1634 Fritz-

259 1663 376 1704 schio
407 1663 577 1715 Quaest.
610 1662 734 1702 Arist.
767 1662 785 1702 1
815 1675 855 1713 p.
887 1662 984 1702 230.
1024 1675 1122 1703 num
1162 1663 1285 1703 etiam
1330 1663 1412 1703 duo
1451 1663 1613 1715 priores
1653 1664 1734 1705 loci

257 1746 426 1782 versus,
466 1732 616 1784 quibus
646 1732 902 1786 strophicum
934 1733 1170 1785 epirrhema
1199 1733 1364 1782 finitur,
1403 1733 1600 1787 Eupolidi
1630 1737 1734 1776 assi-

259 1805 378 1859 gnari
422 1803 622 1852 debeant,
671 1815 765 1843 cum
813 1808 1136 1844 consentaneum
1183 1803 1237 1844 sit
1278 1804 1449 1856 primam
1486 1805 1733 1858 parabaseoa

258 1879 417 1930 partem
458 1877 587 1914 totam
631 1875 680 1914 ab
714 1875 813 1927 *ipso
844 1874 1122 1927 Aristophane
1153 1887 1246 1915 esse
1276 1875 1528 1925 absolutam,
1568 1880 1610 1916 et
1644 1880 1732 1918 tum

259 1947 425 1987 demum
458 1945 677 1998 Eupolidis
708 1958 876 1997 operam
908 1945 1146 1985 accessisse.
1215 1946 1298 1985 Sed
1338 1958 1463 1998 quum
1493 1960 1732 1999 expressum

259 2016 506 2057 scholiastae
535 2015 817 2056 testimonium
849 2016 1032 2065 accedat,
1064 2029 1117 2056 ne
1146 2016 1240 2056 illos
1272 2016 1440 2067 quidem
1469 2030 1614 2058 versus
1643 2020 1732 2059 Eu-

258 2085 387 2141 polidi
427 2085 591 2138 eripere
633 2085 758 2124 volui.
828 2085 873 2124 In
905 2086 1194 2125 constituenda
1224 2086 1403 2126 lectione
1431 2086 1524 2126 fere
1553 2087 1730 2128 Dindor-

255 2159 301 2198 fii
329 2157 617 2197 recensionem
647 2160 846 2207 sequutus
876 2168 982 2197 sum.
1043 2156 1113 2198 Vs.
1145 2156 1168 2195 1
1201 2153 1402 2195 τοιοῦτον
1432 2151 1590 2211 ἄνδρα.
1636 2159 1730 2199 Ari-

255 2231 428 2283 gnotum
469 2226 567 2266 dicit
597 2226 734 2278 quode
772 2227 814 2266 in
855 2226 1137 2279 superioribus
1177 2231 1313 2268 actum
1353 2232 1430 2268 est.
1488 2253 1543 2278 -,
1602 2228 1674 2270 Vs.
1704 2231 1730 2269 2

254 2288 523 2352 ἐνννχίαισιν
557 2292 776 2351 φροντίσι.
830 2296 1062 2338 Scholiasta
1092 2297 1295 2338 Dindorfii
1325 2302 1536 2350 comparat
1564 2299 1730 2353 Euripi·

255 2370 318 2411 dis
355 2370 483 2422 Hipp.
522 2369 627 2409 378:
673 2363 759 2417 ἤδη
796 2363 898 2407 ποτ’
945 2363 1085 2415 ἄλλως
1123 2364 1275 2415 νυκτὸς
1319 2365 1366 2407 ἐν
1404 2365 1557 2423 μακρῷ
1586 2363 1730 2425 χρόνῳ

254 2438 440 2490 θνητῶν
467 2434 699 2493 ἐφρόντισ’
729 2429 756 2494 ᾗ
788 2436 1067 2492 διέφθαρται
1095 2437 1230 2489 γένος.
1298 2438 1382 2479 Sed
1421 2439 1634 2492 probabile
1666 2445 1729 2481 est

254 2513 359 2554 haec
389 2512 441 2551 ad
468 2511 638 2550 verbum
670 2523 719 2549 ex
749 2511 830 2550 alio
862 2510 947 2550 sive
963 2510 1174 2563 Euripidis
1205 2511 1291 2550 sive
1322 2511 1426 2551 alius
1457 2515 1605 2563 poetae
1633 2511 1725 2550 loco

254 2585 304 2623 ab
335 2582 543 2636 Eupolide
572 2594 666 2621 esse
704 2587 933 2633 assumpta,
974 2581 1321 2633 quemadmodum
1359 2581 1614 2632 strophicos‚
1655 2581 1726 2633 qui

252 2654 336 2694 illis
377 2656 650 2706 respondent,
691 2665 834 2694 versus
874 2665 924 2692 ex
956 2652 1173 2699 Pindarico
1205 2651 1386 2691 carmine
1415 2655 1601 2703 sumptos
1632 2664 1724 2692 esse

253 2728 414 2766 constat
443 2725 690 2765 scholiastae
720 2723 887 2764 indicio.
946 2749 1002 2755 —
1060 2723 1133 2764 Vs.
1164 2721 1191 2762 5
1230 2716 1411 2776 φαύλως
1441 2717 1602 2761 ἐσθίει.
1662 2722 1723 2762 Ita

251 2795 462 2849 Aristoph.
497 2796 591 2837 Pac.
622 2796 700 2836 25:
733 2786 781 2843 ὗς
808 2796 890 2847 μὲν
918 2788 1013 2846 γάρ,
1044 2786 1192 2848 ὥσπερ
1221 2788 1277 2832 ἂν
1302 2792 1410 2849 χέσῃ
1439 2805 1520 2843 τις,
1549 2785 1579 2841 ἢ
1607 2786 1722 2832 κύων
