1786 3210
260 177 347 220 650
845 175 1151 220 EUPOLIDIS

909 347 959 389 V.
1018 346 1092 390 VI.

435 457 698 515 Περιῆλθον
728 452 787 506 εἷς
816 456 872 499 τὰ
904 455 1098 514 σκόροδα
1131 458 1204 500 καὶ
1236 456 1293 499 τὰ
1323 455 1540 514 κρόμμυα,

433 545 509 588 καὶ
540 541 618 584 τὸν
647 539 910 596 λιβανωτόν,
940 540 1084 584 κεύθὺ
1114 543 1200 585 τῶν
1230 540 1490 600 ἀρωμάτων,

433 629 509 671 καὶ
540 628 639 684 περὶ
668 625 722 669 τὰ
752 627 894 682 γέλγη.

377 773 527 815 Pollux
558 772 617 814 lX
647 772 727 812 47:
768 765 817 810 ἓν
857 769 902 810 δὲ
946 768 1032 810 τῶν
1071 769 1230 811 κοινῶν
1269 770 1587 826 βιβλιοθῆκαι,
1624 766 1654 823 ἢ
1685 768 1745 821 ὥς

263 912 346 953 τοῦ
375 916 490 966 (add.
521 911 713 967 βιβλία).
771 905 886 952 οὕτω
917 911 999 966 γὰρ
1029 909 1107 953 τὸν
1137 910 1294 966 τόπον,
1326 906 1380 956 οὗ
1409 913 1463 955 τὰ
1493 912 1669 969 βιβλία,
1701 913 1746 955 οἱ

263 980 464 1025 Ἀττικοὶ
498 981 748 1038 ω’νόμαζον·
786 976 934 1038 ὥσπερ
963 982 1038 1023 καὶ
1070 980 1170 1032 τοὺς
1203 981 1361 1035 ἄλλους
1393 982 1556 1035 τόπους
1583 984 1630 1026 ἐκ
1658 984 1747 1027 τῶν

266 1056 660 1112 πιπρασκομένων,
708 1050 767 1102 ὠς
817 1048 858 1094 εἰ
905 1055 1037 1109 φαῖεν
1082 1051 1296 1106 ἀπῆλθον
1334 1052 1394 1106 εἰς
1434 1048 1626 1110 τοῦψον,
1669 1056 1746 1098 καὶ

268 1121 329 1175 εἷς
370 1124 449 1168 τὸν
489 1118 633 1178 οἶνον,
671 1125 745 1166 καὶ
784 1120 844 1173 εἰς
875 1121 1103 1177 τοῦλαιον,
1141 1128 1218 1167 καὶ
1253 1123 1313 1177 εἰς
1343 1126 1421 1176 τὰς
1444 1124 1630 1183 χύτρας,
1670 1127 1747 1168 καὶ

265 1195 381 1239 κατὰ
420 1196 499 1238 τὸν
537 1194 733 1238 Εὔπολιν
769 1195 1035 1251 Περιῆλθον
1064 1193 1124 1245 εἰς
1155 1196 1210 1237 τὰ
1240 1196 1434 1254 σκόροδα
1464 1199 1557 1242 κτλ.
1627 1201 1747 1251 ,,Ηο-

266 1282 359 1311 rum
390 1283 584 1311 versuum
614 1281 709 1321 pars
740 1267 855 1320 prior
883 1268 986 1308 latet
1016 1269 1150 1312 etiam*
1168 1270 1278 1322 apud
1310 1271 1528 1322 [Photium
1558 1272 1622 1324 et]
1652 1271 1747 1312 Sui-

267 1340 362 1382 dam
402 1354 440 1382 v.
479 1336 672 1395 τοῦψον;
720 1331 835 1378 ὅπου
871 1334 927 1377 τὰ
963 1334 1063 1392 ὄψα
1103 1336 1410 1393 πιπράσκεται.
1467 1340 1638 1395 λέγιται
1673 1341 1749 1382 καὶ

267 1405 560 1463 ὀψοπωλεῖον.
620 1403 767 1465 ὥσπερ
796 1406 872 1449 ’καὶ
901 1406 952 1449 τὸ
982 1409 1242 1465 Παρῆλθον
1272 1415 1372 1464 (sic)
1402 1441 1459 1448 —
1486 1410 1748 1466 λιβανωτόν,

270 1483 343 1523 ubi
371 1489 521 1536 poetae
546 1481 708 1537 χρῆσιν
737 1482 870 1522 latere
898 1481 1150 1534 interpretes
1179 1482 1300 1537 fugit.
1368 1485 1553 1526 Primum
1582 1499 1748 1527 versum

266 1554 396 1594 habes
438 1556 562 1595 etiam
600 1553 711 1607 apud
753 1553 886 1593 schol.
926 1554 1139 1607 Aristoph.
1179 1556 1284 1596 Ran.
1317 1556 1454 1597 11⁰3:
1495 1553 1617 1610 παρὰ
1644 1553 1748 1604 τοὺς

268 1617 423 1677 ἰχθῦς-ε
469 1622 590 1679 παρὰ
629 1620 684 1663 τοὶ
728 1617 1043 1675 ἰχθυοπωλεῑα.
1101 1622 1153 1664 τὸ
1195 1623 1240 1664 δὲ
1280 1625 1482 1667 τοιοῦτον
1523 1622 1746 1667 Ἀττικόν.

267 1691 462 1744 Εὔπολις
492 1693 750 1750 Περιῆλθεν
781 1695 905 1746 (sic)
937 1688 997 1742 εἰς
1026 1691 1082 1733 τὰ
1111 1693 1303 1750 σκόροδα
1339 1697 1413 1737 καὶ
1444 1695 1500 1738 τὰ
1528 1694 1746 1752 κρόμμυα.

258 1769 511 1810 ‚Ammonius
542 1781 582 1821 p.
614 1767 700 1806 102
731 1766 784 1805 de
813 1761 931 1804 εὐθὺ
960 1779 1054 1807 cum
1084 1768 1268 1820 genitivo
1298 1782 1450 1822 agens,
1483 1770 1607 1827 affert
1631 1765 1748 1808 εὐθὺ

269 1836 346 1889 τῆς
384 1837 519 1887 στοᾶς
559 1842 603 1879 et
640 1831 759 1885 εὐθὺ
798 1834 885 1876 τῶν
923 1833 1180 1891 ἀρωμάτων,
1250 1839 1428 1882 Videtur
1464 1841 1577 1882 hunc
1611 1841 1747 1895 ipsum

268 1911 490 1964 Eupolidis
528 1911 664 1951 locum
704 1909 957 1962 respicere.'’
1030 1910 1149 1951 Haec
1193 1911 1244 1954 ad
1284 1911 1561 1953 Menandrum
1602 1912 1749 1965 scripsi

268 1994 310 2034 p.
341 1982 439 2026 281.
506 1981 627 2022 Adde
668 1992 778 2020 nunc
817 1980 1083 2021 scholiastam
1121 1982 1247 2023 Arist.
1282 1982 1377 2023 Pac.
1410 1984 1542 2025 1158:
1574 1982 1748 2034 λέγουσι

270 2046 319 2091 δ’
350 2047 459 2092 ἔνιοι
489 2048 545 2091 τὰ
573 2047 740 2104 ἄλφιτα
771 2046 1008 2103 ἀρώματα,
1043 2047 1101 2099 ὠς
1131 2048 1239 2107 παρ’
1272 2047 1492 2092 Εὐπόλιδι
1528 2052 1631 2101 ,,κα“ι
1669 2047 1749 2092 τόν

268 2119 520 2175 λιβανωτὸν
547 2123 624 2163 καὶ
653 2118 772 2162 εὐθὺ
803 2120 888 2160 τῶν
917 2117 1201 2175 ἄρωμάτων,”
1243 2117 1345 2163 ἀντὶ
1382 2121 1462 2163 τοῦ
1498 2125 1584 2162 τῶν
1614 2118 1749 2178 ἀλφί-

269 2205 369 2234 των.
433 2195 648 2235 Postrema
685 2194 918 2247 respexisse
962 2194 1126 2234 videtur
1165 2195 1312 2234 Pollux
1345 2195 1405 2235 111
1436 2195 1541 2236 127:
1579 2192 1635 2233 τὰ
1671 2206 1750 2234 πι-

268 2260 570 2319 πρασκόμενα,
601 2261 780 2318 φορτία,
812 2262 969 2318 ῥῶπος,
1000 2258 1305 2318 ἀγοράσματα,
1338 2261 1464 2315 ὤνια,
1495 2262 1678 2316 γέλγη,
1709 2257 1752 2304 εἰ

267 2331 331 2390 μὴ
360 2332 672 2390 κωμικιότερον.
734 2336 871 2376 Verba
900 2326 963 2374 οὗ
1002 2332 1068 2374 τὰ
1107 2333 1286 2387 βιβλί’
1324 2331 1482 2386 ιῖίνια,
1513 2348 1619 2390 quae
1650 2335 1749 2376 Pol-

270 2408 342 2448 lux
370 2408 470 2447 item
503 2421 553 2448 ex
583 2408 792 2460 Eupolide
822 2407 957 2456 affert,
990 2407 1072 2448 Th.
1104 2408 1309 2461 Bergkius
1340 2409 1572 2450 Comment.
1602 2420 1643 2461 p.
1663 2405 1747 2448 355

270 2491 364 2520 cum
394 2479 566 2532 reliquis
595 2478 653 2518 ita
683 2477 914 2518 coniunxit:

494 2548 569 2588 καὶ
599 2548 697 2602 περὶ
729 2545 781 2586 τὰ
810 2545 949 2599 γέλγη.
982 2537 1064 2601 χοῖ
1095 2543 1151 2587 τὰ
1181 2543 1327 2600 βιβλί’
1355 2543 1480 2589 ὥνια.

270 2619 469 2661 Fortasse
505 2625 635 2661 recte.
706 2618 826 2672 Quod
864 2619 975 2658 idem
1017 2618 1099 2658 hoc
1136 2618 1413 2670 fragmentum
1452 2618 1505 2658 ad
1546 2618 1747 2659 Maricam

270 2690 480 2731 revocavit
510 2693 682 2743 propter
709 2689 985 2743 fragmentum
1003 2689 1118 2731 XXV
1150 2689 1239 2731 eius
1261 2688 1442 2739 fabulae,
1471 2688 1513 2730 id
1542 2693 1675 2730 totum
1703 2689 1746 2730 in

273 2760 511 2802 coniectura
540 2761 718 2813 positum
751 2765 827 2802 est.
