1786 3210
282 197 371 239 ⁵³0
878 193 1185 236 Effl’omms

285 337 344 347 .-.
367 305 560 358 Ἰωνίας.
606 307 682 349 καὶ
712 303 797 362 γὰρ
826 302 876 347 τὸ
902 305 1088 360 χαλκίον
1118 303 1163 347 ἕν
1193 320 1235 347 τι
1265 302 1354 346 τῶν
1380 302 1587 361 λουτρῶν,
1614 297 1763 360 ὥσπερ

284 382 361 422 καὶ
403 379 547 434 λέβης.
632 379 865 420 Praecessit
904 381 1021 420 locus
1069 392 1120 419 ex
1155 378 1375 431 Eupolidis
1413 380 1552 419 Aureo
1591 387 1761 430 genere.

286 454 401 495 Libri
453 450 659 506 χαλκεῖον
718 456 760 490 et
817 445 1102 503 στρατιώτης.
1175 449 1365 490 Correxit
1422 448 1761 501 lungermannus.

287 525 438 575 „Clara
476 523 704 571 sententia,
755 522 828 575 qui
863 535 1013 561 urnam
1052 526 1095 561 et
1135 522 1315 561 ahenum
1345 525 1520 573 portas,
1559 524 1763 572 tanquam

275 608 488 648 puerpera
505 594 664 634 *Ionica
686 593 889 632 militiam
914 597 956 632 et
983 597 1126 632 castra
1150 605 1337 646 sequens,
1370 592 1531 643 Nempe
1560 591 1602 629 in
1633 589 1762 638 Ionia,

284 666 356 706 ubi
387 665 606 717 disciplina
636 665 826 704 militaris
859 676 940 703 non
974 663 1195 703 admodum
1225 663 1411 715 vigebat,
1448 674 1537 701 mos
1569 665 1678 711 erat,
1716 663 1762 700 ut

283 749 434 776 uxores
479 736 779 775 comitarentur
826 748 924 775 suos
970 737 1140 775 maritos
1184 734 1429 773 militantes:
1470 732 1542 772 ubi
1581 732 1616 772 si
1656 743 1762 783 quae

282 807 393 847 forte
424 808 673 860 peperisset,
705 819 800 846 vasa
832 805 1153 846 circumferebat
1186 804 1479 844 balneatoria?
1545 802 1761 842 Bentleius

283 878 418 930 Epist.
459 877 499 917 11
544 878 598 918 ad
636 877 880 918 Hemsterh.
923 891 965 930 p.
995 877 1067 918 55.
1134 876 1343 916 Bacchum
1388 875 1628 929 compellari
1667 887 1762 914 cum

282 938 530 989 delicatulae
574 949 684 989 vitae
723 948 1010 990 instrumentis
1052 948 1318 988 Phormionis
1356 950 1490 987 castra
1519 950 1762 998 sequentem

282 1020 441 1061 conieci
480 1020 589 1060 Hist.
628 1020 719 1061 crit.
749 1034 792 1073 p.
825 1019 923 1060 144.
991 1021 1249 1072 Quamquam
1288 1031 1371 1059 non
1409 1018 1686 1058 contradicam
1725 1015 1761 1057 si

281 1091 373 1144 quis
401 1103 530 1131 unum
561 1091 789 1143 quemlibet
820 1090 1074 1130 taxiarchum
1105 1089 1348 1142 compellari
1379 1093 1544 1129 statuat.
1583 1089 1762 1129 Nostrae

279 1164 422 1202 tamen
450 1160 716 1201 coniecturae
746 1161 859 1201 favet
889 1161 1038 1200 Pollux
1066 1161 1106 1200 X
1138 1160 1192 1200 18
1229 1160 1440 1200 hominem
1469 1173 1565 1200 vasa
1593 1163 1763 1212 gestan-

279 1235 364 1272 tem
409 1227 742 1287 (σκευοφόρον)
781 1245 858 1284 per
894 1232 1031 1271 lusum
1067 1231 1289 1282 iocumque
1326 1226 1680 1286 σκευοφοριώτην
1709 1231 1761 1271 ab

212 1302 214 1305 ’
279 1301 494 1354 Eupolide
533 1302 689 1342 dictum
731 1315 824 1343 esse
861 1302 1074 1341 referens:
1114 1295 1193 1339 τὸν
1223 1298 1377 1354 μέντοι
1414 1295 1685 1355 σκευοφόρον
1714 1298 1762 1340 ἐν

284 1367 546 1426 Ταξιάρχοις
576 1368 768 1421 Εὔπολις
798 1365 1253 1427 σκευοφοριώτην
1283 1373 1324 1424 *)
1350 1367 1518 1421 παίζων
1546 1367 1758 1413 ἐκάλεσεν.

280 1444 454 1490 Scilicet
492 1443 654 1486 solenni
693 1445 764 1489 dei
800 1444 1018 1498 epitheton
1046 1436 1312 1498 εἶραφιώτης
1342 1445 1556 1486 verniliter
1586 1444 1760 1491 detorsit

277 1516 322 1564 in
351 1510 715 1571 σκευοφοριώτης.
821 1506 824 1511 ’

1001 1640 1053 1682 Χ.

391 1731 567 1774 Photius
598 1729 739 1783 p.337
771 1730 826 1770 16
855 1733 900 1771 et
929 1730 1078 1772 Suidas
1109 1730 1148 1770 11
1179 1744 1219 1783 p.
1236 1731 1334 1771 698.
1355 1725 1418 1770 ’Ὁ
1431 1740 1522 1776 νος
1552 1723 1758 1783 ἀκροᾶ·

275 1816 367 1844 ται
411 1797 746 1853 σάλπιγγος·
801 1796 997 1850 Εὔπολις
1048 1797 1331 1856 Ταξιάρχαις.
1402 1801 1564 1843 Omisso
1607 1805 1758 1854 poetae

275 1875 447 1918 nomine
476 1874 632 1914 habent
660 1873 886 1914 Proverbia
917 1875 1045 1916 Coisl.
1078 1875 1176 1915 364.
1243 1874 1443 1915 Consulto
1476 1873 1558 1913 duo
1586 1886 1755 1925 prover-

274 1946 368 1997 bia,
399 1940 499 1993 ὄνος
529 1939 662 1998 λύρας
693 1948 735 1984 et
765 1939 1005 1998 σάλπιγγος
1034 1935 1083 1993 ὗς
1111 1946 1155 1986 in
1186 1958 1311 1986 unum
1351 1945 1612 1986 coniunxisse
1642 1944 1756 1984 vide-

273 2021 368 2058 tur:
409 2030 487 2057 nec
526 2017 669 2056 dubito
712 2016 810 2068 quin
851 2017 957 2057 haec
994 2018 1036 2058 in
1066 2018 1259 2070 ignavum
1289 2020 1331 2056 et
1360 2017 1537 2056 inertem
1567 2015 1757 2065 militem,

272 2089 408 2141 ipsum
436 2087 615 2128 fortasse
632 2087 877 2139 Dionysum,
905 2088 1015 2127 dicta
1045 2088 1219 2136 fuerint,
1247 2082 1375 2134 ὄνος
1406 2082 1503 2140 οὶκρ
1520 2083 1590 2141 οᾷ
1619 2082 1753 2125 σάλ-

274 2169 503 2210 πιγγος,
537 2162 586 2198 tu
615 2157 728 2199 velut
759 2158 904 2202 asinus
935 2158 1079 2199 tubam
1107 2158 1245 2198 audis.

507 2394 615 2451 Ἐγώ
650 2396 698 2437 δέ
732 2412 777 2450 γε
810 2396 942 2450 στίξω
974 2413 1023 2440 σε
1055 2394 1311 2453 βελόναισιν
1339 2393 1496 2454 τρισίν.

382 2512 532 2555 Pollux
561 2512 600 2555 X
630 2513 735 2552 136:
775 2511 852 2551 καὶ
894 2510 1077 2565 βελόνης
1117 2510 1163 2552 δὲ
1192 2507 1389 2564 τοῦνομα
1426 2508 1473 2550 ἐν
1503 2505 1751 2560 Εὐπόλιδος

279 2579 546 2638 Ταριάρχοις
570 2579 684 2635 Ἐγώ
720 2580 766 2621 δέ
795 2596 842 2635 γε
870 2582 960 2625 κτλ.
992 2587 1130 2635 „Nota
1161 2597 1228 2623 res
1259 2587 1324 2623 est
1354 2595 1494 2622 servos
1525 2583 1749 2635 praecipue

272 2651 471 2706 fugitivos
507 2654 730 2707 compungi
773 2654 909 2695 solere
939 2662 981 2695 et
1012 2655 1273 2710 stigmatibus
1303 2651 1488 2705 insigniri
1523 2652 1565 2692 in
1596 2651 1749 2695 fronte.

361 2796 397 2842 ¹⁸)
421 2798 473 2831 lta
495 2808 539 2831 ex
564 2799 666 2834 libris
687 2799 875 2846 repositum
902 2811 963 2845 pro
990 2800 1256 2846 σκευοφορίτην.
