1786 3210
207 154 294 199 460
795 153 1106 197 EUPOLIDIS

211 265 432 325 Περικλῆς
462 265 486 310 ὁ
517 262 808 318 Ξανθίππου,
840 257 896 308 οὗ
926 268 1016 317 τοῖς
1041 264 1232 322 χείλεσιν
1262 265 1492 323 ἐπεκάθιζε
1520 267 1699 314 Πειθώ.

212 344 329 395 Quae
361 341 612 395 comparavit
641 340 722 379 iam
751 340 1107 393 Wyttenbachius.
1168 342 1321 382 Notum
1351 344 1454 383 illud
1488 345 1701 386 Ciceronis

213 414 328 455 Orat.
361 414 429 454 15.
469 427 594 468 quam
634 412 757 451 deam
799 411 1041 464 (Suadam)
1081 415 1127 453 in
1158 412 1338 453 Periclis
1369 414 1500 455 labris
1527 417 1701 470 scripsit

211 483 390 538 ,Eupolis
420 485 701 524 sessitavisse.
766 482 938 533 Quintil.
969 483 1046 523 ΧΠ
1081 486 1147 525 10.
1179 485 1288 525 lianc
1318 487 1404 525 vim
1433 491 1476 526 et
1506 486 1703 528 celerita-

213 560 299 595 tem
328 556 375 595 in
405 554 571 594 Pericle
611 553 852 593 admiratur
882 552 1082 607 Eupolis,
1113 555 1222 596 hanc
1242 556 1499 608 fulminibus
1529 558 1701 598 Aristo-

203 626 371 680 phanes
403 632 643 679 comparat,
674 627 777 666 haec
808 631 871 666 est
903 639 1001 665 vere
1031 626 1204 667 dicendi
1224 627 1435 679 facultas,
1491 629 1574 669 Pro
1604 626 1702 668 ἐπε-

212 693 398 745 κάθιζεν
428 697 588 736 Plinius
618 691 886 746 ἐπεκάθητο.
920 723 976 729 —
1019 698 1136 739 Vs.7
1166 695 1417 750 ἐγκατέλιπε
1448 699 1580 741 schol.
1611 700 1705 742 Ari-

215 768 430 821 stophanis
462 768 558 808 Pac.
591 769 718 809 1203.
765 769 837 808 ubi
875 768 944 809 hic
984 781 1128 809 versus
1168 770 1294 810 tacito
1325 772 1507 812 auctoris
1536 772 1706 814 nomine

215 840 405 881 affertur.
475 839 683 880 Diodorus
724 842 767 880 et
806 840 939 881 schol.
971 822 1151 881 Aclsarn.
1183 855 1206 881 a
1236 842 1428 883 Bekkero
1471 843 1607 884 editus
1636 839 1707 896 ἐγ-

216 908 457 951 zardane.
515 911 679 951 Eodem
710 910 825 951 ducit
857 911 949 951 cod.
982 911 1105 964 Prag.
1138 912 1279 962 Plinii,
1311 926 1362 953 ex
1391 926 1474 966 quo
1513 911 1706 954 ενκλειπε

217 986 443 1023 enotatum.
503 982 554 1024 V.
585 982 766 1034 Raspius
797 995 838 1035 p.
869 981 939 1022 21.
1008 983 1206 1023 Ceterum
1245 983 1313 1024 hic
1353 997 1520 1038 quoque
1561 998 1708 1027 versus

218 1054 359 1094 multis
390 1053 617 1093 multorum
646 1053 950 1093 imitationibus
981 1054 1226 1094 nobilitatus
1258 1059 1335 1096 est.
1410 1056 1462 1098 V.
1492 1056 1706 1110 Wyttenb.

218 1126 272 1167 ad
301 1125 518 1166 Plutarchi
548 1124 576 1164 l.
599 1124 627 1164 l.
659 1124 777 1164 cuius
808 1124 962 1164 notatis
993 1125 1100 1165 adde
1131 1126 1372 1167 Choricium
1403 1127 1514 1180 apud
1544 1128 1708 1169 Fabrie.

219 1193 337 1239 Bib1.'
353 1196 404 1237 G.
424 1195 525 1238 Vlll
556 1209 596 1248 p.
612 1196 697 1235 846
728 1199 771 1235 et
802 1194 1068 1236 scholiastam
1087 1196 1204 1237 Iliad.
1233 1191 1266 1235 ω’
1297 1199 1366 1238 86.
1398 1195 1640 1252 προλαβεῖν
1667 1211 1711 1238 τι

221 1266 430 1322 ἐπιχειρεῖ
461 1264 549 1305 τῶν
585 1261 682 1316 ἑξῆς
719 1264 796 1305 καὶ
832 1262 882 1304 τὸ
913 1263 1091 1317 κέντρον
1120 1264 1449 1319 ἐγκαταλιπεῖν,
1484 1263 1543 1317 ὥς
1572 1264 1597 1309 ὁ
1628 1282 1711 1309 κω-

222 1335 348 1393 μικός
380 1350 516 1394 φησι,
558 1337 650 1386 τοῖς
680 1333 987 1390 ἀκροωμένοις.
1061 1339 1179 1390 Quae
1209 1338 1261 1379 ad
1292 1340 1614 1394 Aristophanem
1642 1355 1712 1384 re-

221 1412 388 1453 ferebat
417 1410 674 1452 Villoisonus
708 1408 849 1449 Praef.
879 1408 995 1449 Iliad.
1018 1422 1059 1461 p.
1077 1408 1273 1452 XXXIII.
1333 1413 1468 1453 Notus
1500 1419 1563 1454 est
1593 1414 1712 1454 Cice-

222 1483 339 1525 ronis
367 1482 486 1523 Brut.
517 1483 543 1521 9
573 1482 707 1527 locus:
748 1481 801 1521 cle
840 1478 1008 1520 Pericle
1042 1482 1218 1534 scripsit
1245 1481 1445 1536 Eupolis,
1476 1498 1570 1524 cum
1599 1484 1713 1525 dele-

227 1556 421 1597 ctatione
452 1553 587 1593 etiam
617 1552 786 1594 aculeos
820 1550 1042 1605 reliquisse
1071 1551 1118 1591 in
1146 1553 1303 1593 animis
1336 1566 1477 1595 eorum
1507 1569 1534 1596 α
1566 1555 1713 1612 quibus

226 1630 338 1669 esset
366 1624 554 1666 auditus.

931 1765 1028 1806 Vll.

398 1845 574 1905 Ῥήτωρ
602 1845 689 1906 γάρ
718 1848 812 1906 ἐστι
843 1846 923 1889 νῦν
952 1862 1030 1901 τις,
1062 1841 1115 1889 ὅν
1143 1843 1187 1901 7³
1221 1843 1342 1889 ἔστιν
1371 1847 1555 1904 λέγειν;“

401 1934 459 1981 B.
490 1933 514 1977 ὁ
544 1931 771 1990 Βουζύγης
800 1932 981 1991 ἄριστος
1011 1929 1248 1990 ἁλιτήριος.

348 2036 552 2094 Aristides
582 2053 664 2093 vol.
695 2052 735 2093 11
765 2066 806 2106 p.
825 2054 909 2094 174
939 2053 1062 2094 Dind.
1088 2045 1401 2104 ἀνεπίφθονον
1431 2048 1550 2108 αὐτῷ
1578 2051 1719 2104 (Peri-

236 2127 311 2180 cli)
340 2122 418 2165 καὶ
443 2119 659 2178 καθαρὰν
687 2120 770 2174 τήν
786 2120 1038 2205 μαρτυρίαν
1065 2118 1314 2163 ἀποδέδωκε
1337 2124 1557 2178 (Eupolis)
1585 2122 1723 2177 λέγων

235 2195 295 2247 ὠς
329 2195 376 2237 ἐκ
407 2194 513 2236 δέκα
551 2193 703 2235 ποδῶν
739 2197 820 2249 μὲν
858 2188 951 2253 ᾕρει
987 2208 1089 2243 τους
1118 2189 1309 2251 ῥητορας
1347 2192 1394 2235 ἐν
1432 2195 1524 2244 τοῖς
1562 2190 1724 2249 λόγοις,

236 2264 378 2325 μόνου
419 2266 465 2307 δὲ
502 2265 650 2308 πειθώ
691 2280 756 2316 τις
786 2263 1047 2316 ἐπεκάθιζεν
1082 2264 1156 2307 ἐπὶ
1197 2265 1287 2315 τοῖς
1318 2262 1533 2321 χείλεσιν·
1567 2262 1725 2307 πάντα

239 2336 289 2382 δ’
321 2337 436 2380 εἰναι
478 2335 705 2393 φλυαρίαν
743 2336 853 2394 πρὸς
892 2337 1068 2380 ἐκεῖνον.
1130 2338 1245 2393 ([ησὶ
1280 2337 1388 2392 γοῦν
1425 2325 1602 2395 Ῥήτωρ
1640 2334 1724 2394 γάρ

239 2411 335 2455 ἐστι
364 2409 455 2453 κτλ.
525 2413 676 2453 Versui
708 2412 891 2452 secundo
923 2412 1097 2452 alterius
1139 2412 1450 2453 interlocutoris
1481 2417 1622 2453 notam
1651 2412 1724 2452 ad-

242 2485 405 2539 scripsi.
483 2483 556 2525 Vs.
590 2483 612 2522 1
658 2483 752 2523 libri
788 2483 991 2523 fluctuant
1030 2484 1140 2524 inter
1179 2475 1231 2522 ὁν
1269 2489 1311 2524 et
1345 2482 1422 2524 οὖν.
1493 2483 1725 2524 Scholiasta

241 2569 286 2610 Ρ.
322 2555 408 2597 473
446 2554 568 2596 Dind.
616 2567 714 2595 vera
755 2553 870 2595 salsis
909 2554 1107 2595 miscens:
1147 2546 1327 2609 εὕρηται
1366 2552 1412 2593 δὲ
1448 2552 1525 2593 καὶ
1563 2549 1614 2593 τὸ
1651 2543 1728 2604 ὦν,

241 2623 371 2680 μέγα,
402 2619 708 2677 δασυνόμενον
737 2624 812 2664 καὶ
841 2620 1187 2679 περισπώμενον.
1220 2621 1486 2666 ἀποδίδοται
1511 2623 1557 2665 δὲ
1588 2617 1725 2665 οὕτω·

243 2691 390 2754 ῥήτωρ
419 2689 504 2748 γάρ
533 2691 628 2736 ἐστι’
657 2708 723 2743 τις
753 2690 777 2735 ὁ
806 2690 1033 2749 Βουζύγ-ης
1061 2692 1282 2752 ἀλιτήριος
1310 2692 1504 2748 ἐκείνων,
1544 2686 1608 2737 ὦν
1637 2693 1731 2736 ἐστι
1767 2738 1771 2740 ,

245 2765 399 2822 λέγειν.
459 2763 561 2808 δέον
590 2764 637 2825 δὲ
667 2760 804 2809 εἰπεῖν
834 2759 934 2821 οὕς,
973 2763 1081 2825 πρὸς
1110 2764 1161 2809 τὸ
1191 2766 1352 2823 λέγειν,
1381 2758 1444 2810 ὦν
1473 2757 1588 2824 εἶπε,
1624 2762 1733 2824 πρὸς
1782 2795 1784 2798 >
