1786 3210
567 202 1046 249 ΑΡΤΟΠΩΛΙΔΕΣ.
1464 210 1551 254 385

48 322 196 368 ‘Uersu
225 322 413 364 secundo
445 322 648 364 Kusterus
678 315 732 362 ὅν
759 318 834 360 ἐπὶ
861 316 952 360 τῶν
977 314 1132 371 ξύλων,
1164 325 1207 363 et
1236 323 1360 364 tertio
1390 319 1551 375 ἔξεισιν

21 419 26 422 s
55 389 162 442 ὄνος
196 389 463 444 κανθήλιος.
533 393 629 446 lpse
658 393 769 434 nist.
801 391 893 432 crit.
924 405 965 446 p.
998 392 1082 433 179
1121 392 1230 435 hano
1267 395 1548 438 coniecturam

57 467 316 522 periclitatus
342 479 456 507 sum:

255 532 487 588 Ἐπίβαινε
518 528 598 584 δή·
627 529 914 590 Πείσανδρος
942 529 967 575 ὁ
996 533 1134 589 μέγας
1163 530 1347 577 οὑτοσί·

249 601 426 663 χῶσπερ
454 601 761 648 Διονυσίοισιν
791 601 898 646 οὑπὶ
927 603 1015 646 τῶν
1044 601 1189 658 ξύλων

254 676 418 728 ἐλάσας
447 674 615 735 ἔρεισον
645 671 708 726 εἰς
736 673 843 719 ὄνον
862 673 1138 728 ’κανθήλιον.

57 754 231 795 Iubetur
262 754 410 807 aliquis
439 750 816 806 impetumsfacero
845 752 888 792 in
918 751 1188 801 Pisandrum,
1219 750 1287 791 cui
1317 749 1417 803 quid
1445 750 1550 792 asini

55 838 287 879 cognomen
318 824 496 875 fecerit,
534 823 709 877 exposui
743 822 773 863 l.
803 822 831 863 l.
872 825 916 862 et
943 822 1054 863 infra
1083 822 1136 863 ad
1165 821 1388 875 Eupolidis
1417 821 1549 863 Mari-

57 910 148 938 cam
177 896 329 950 fragm.
359 896 433 938 VI.
505 894 644 937 Versu
681 893 867 934 secundo
908 885 1014 933 οὑπὶ
1053 890 1142 932 τῶν
1172 887 1314 944 ξύλων
1342 893 1396 934 de
1426 892 1549 934 mini-

56 973 168 1018 stro,
209 969 277 1008 cui
306 967 500 1008 sedilium
531 967 573 1007 in
604 965 769 1006 theatro
800 977 899 1006 cura
928 965 1176 1006 demandata
1208 969 1344 1015 esset,
1382 964 1543 1006 intelli-

52 1039 216 1092 gebam.
276 1038 353 1079 Cfr
382 1038 435 1078 ad
465 1037 623 1078 Cratin.
653 1051 694 1090 p.
713 1036 811 1077 194.
873 1036 1001 1076 Tales
1029 1037 1220 1077 homines
1249 1036 1415 1077 rusticis
1446 1048 1545 1076 esse

2 1156 4 1158 v
53 1110 192 1155 solent
230 1109 440 1158 moribus;
483 1120 534 1148 ac
571 1107 751 1149 fortasse
789 1111 951 1147 certum
982 1107 1151 1160 aliquod
1181 1106 1339 1148 factum
1369 1106 1547 1160 respici-

52 1170 135 1222 tur.
194 1180 338 1221 Facile
368 1184 507 1220 tamen
538 1179 733 1220 accedam
764 1178 1047 1232 probabiliora
1076 1178 1294 1228 afferenti,
1321 1176 1434 1231 quod
1462 1189 1548 1218 non

53 1252 277 1306 contigisse
307 1256 408 1306 puto
439 1251 674 1293 Fritzschio
705 1250 758 1291 ad
788 1250 1083 1304 Aristophanis
1101 1249 1365 1304 Thesmoph.
1386 1262 1428 1304 p.
1445 1247 1548 1291 315.

51 1324 125 1365 ubi
154 1324 293 1366 locum
322 1323 381 1364 ita
410 1322 676 1364 scribendum
705 1333 799 1362 esse
830 1320 985 1362 edicit:

174 1443 176 1445 .
805 1386 937 1431 Ἀλλ’
972 1389 1170 1445 ἐνέβαινε
1201 1387 1305 1448 σιγῇ

221 1460 518 1519 Πείσανδρος,
545 1462 684 1518 μέγας
713 1456 864 1514 αὐτός,
893 1455 1042 1518 ὥσπερ
1073 1459 1375 1504 Διονυσίοισιν

223 1531 330 1577 οὑπὶ
361 1533 449 1576 τῶν
477 1529 682 1590 μεγάλων
711 1528 867 1586 ξύλων,
898 1530 1117 1588 οὑβελίας,
1146 1530 1327 1590 ἐρείσων

221 1601 285 1657 εἰς
314 1602 570 1658 κανθήλιον
597 1601 657 1654 ὥς
685 1599 809 1645 ὄνον.

54 1679 327 1722 Coniectandi
357 1681 490 1722 libera
513 1680 664 1733 cuique
687 1680 874 1731 potestas
906 1681 984 1728 est,
1015 1678 1091 1719 sed
1121 1678 1200 1719 hac
1229 1677 1340 1731 lege,
1371 1690 1426 1718 ne
1455 1678 1548 1731 quis

53 1763 131 1805 pro
170 1751 281 1792 veris
320 1752 530 1804 certisque
571 1749 756 1791 venditet
798 1761 905 1802 quae
945 1749 1098 1791 multas
1137 1750 1192 1790 ob
1232 1761 1402 1791 caussas
1444 1761 1546 1802 pru-

61 1821 254 1864 dentibus
284 1822 560 1864 incertissima
590 1820 721 1862 videri
752 1819 920 1861 debent.

768 1944 842 1986 Vl.

167 2031 318 2073 Pollux
347 2033 428 2075 Vll
460 2031 567 2073 198:
607 2028 778 2086 εἴρηται
814 2023 899 2083 γὰρ
930 2022 956 2077 ἡ
986 2021 1256 2079 γελφόπωλις
1283 2025 1331 2067 ἐν
1359 2026 1548 2069 Διονυσ-

54 2098 305 2181 αλεξάνδρῳ
348 2099 600 2159 Κρατίνου,
647 2094 796 2156 ὥσπερ
842 2098 889 2140 ἐν
922 2092 1257 2183 Ἀρτοπιόλισιν
1289 2094 1547 2155 Ερμίππου

55 2169 108 2212 τὸ
137 2172 529 2226 γελγοπωλεῐν.

671 2300 930 2310 —-—·—-—--—-—-——

482 2526 516 2567 A
563 2525 621 2566 ΙΙ
675 2524 732 2566 Μ
796 2523 831 2565 0
894 2523 936 2564 Τ
989 2522 1035 2562 A
1094 2521 1131 2564 Ι.

786 2653 819 2694 Ι.

321 2732 466 2792 Οὶζιιοι,
495 2734 540 2778 τί
570 2732 721 2796 δράσω
751 2732 982 2792 σύμβολον
1009 2731 1289 2790 κεκαρμένος-ς

178 2825 328 2868 Pollux
357 2827 417 2870 lx
443 2829 525 2871 71:
563 2826 632 2881 εἴη
670 2825 722 2868 δ’
753 2822 810 2870 ἂν
847 2826 923 2869 καὶ
952 2820 1182 2881 σύμβολον
1211 2818 1357 2880 βραχὺ
1383 2833 1542 2877 νομισ-

119 2908 293 2944 Comoed.
327 2911 399 2942 ant.
1222 2894 1278 2936 25
