1786 3210
669 192 674 217 ‚¹
699 171 930 219 AHMOR
1475 178 1559 225 281

76 293 129 338 τὸ
154 291 345 337 ἐκείνων.
400 286 656 347 “Αλιτήριος
685 304 763 345 pro
792 284 1016 343 ἀλιτήριος
1047 287 1260 330 Porsonus
1290 290 1394 332 Adv.
1425 304 1467 345 p.
1493 291 1563 336 75.

75 369 276 422 Buzygen
305 365 422 408 recte
453 366 506 406 de
529 365 795 406 Demostrato
826 362 1017 414 (Fragm.
1034 350 1236 408 XXXIV)
1265 360 1567 414 interpretatur

76 439 380 487 Frommelius,
427 437 534 477 falso
575 436 629 475 de
672 433 840 482 Pericle
879 432 1122 481 scholiasta,
1167 443 1415 484 quamquam
1457 433 1570 476 hunc

78 511 270 563 sequitur
312 507 460 550 Odoi'r.
500 506 736 547 Muellerus
767 505 850 547 Vit.
883 504 1004 545 Phid.
1035 517 1077 556 p.
1110 503 1177 543 1⁰.
1248 503 1373 543 Hunc
1413 504 1566 545 Demo-

83 584 259 623 stratum
307 579 419 632 quod
470 572 699 630 ἀλιτήριον
743 576 843 616 dicit
890 574 1088 628 Eupolis,
1135 574 1179 613 id
1216 574 1397 627 Ruspius
1441 588 1482 627 p.
1514 575 1571 615 56

82 651 358 707 probabiliter
386 649 485 690 inde
516 649 707 702 explicat,
739 647 850 701 quod
882 646 1060 687 maiores
1090 646 1180 686 eius
1211 645 1386 699 Cylonei
1416 645 1571 699 piaculi

81 723 307 778 participes
335 721 468 761 fuisse
502 721 734 761 videantur.
796 720 842 759 In
859 718 1054 760 Aristidis
1082 718 1220 758 verbis
1250 712 1399 756 πάντα
1430 712 1476 756 δ’
1499 706 1571 764 ,εἷς-

82 807 158 836 ναι
189 798 264 835 etc
310 793 491 846 Ruspius
529 805 572 845 p.
611 793 667 833 27
707 790 926 844 Eupolidis
962 790 1171 830 senarium
1208 789 1340 829 latere
1385 790 1571 843 putabat,

83 860 283 920 φλυαρία
320 857 452 904 πάντ’
485 859 579 903 ἐστὶ
617 858 726 916 πρὸς
755 857 836 900 τὸν
865 858 1099 915 Περικλέα.
1176 861 1351 902 Rectius
1392 860 1573 907 fortasse

85 939 363 986 Hermannus,
393 929 539 974 πάντα
569 929 622 972 δ’
649 923 706 983 ἦν
736 928 935 987 φλυαρία
965 930 971 986 Ι
995 927 1104 987 πρὸς
1130 928 1307 973 ἐκεῖνον.
1339 933 1432 974 Non
1447 932 1576 974 credo

86 1013 225 1049 tomen
261 1007 369 1047 haec
398 1005 618 1059 Eupolidis
646 1006 774 1047 verba
804 1017 910 1047 esse.

740 1072 741 1075 ¹
830 1072 841 1093 e

778 1152 895 1195 VIII.

350 1236 519 1280 Λαλεῖν
547 1232 742 1293 ἄριστος,
777 1229 1125 1284 ἀδυνατώτατος
1154 1233 1308 1289 λέγειν.

206 1353 513 1397 Plutarchusv.
525 1352 657 1394 Alcib.
676 1363 764 1404 cap.
779 1351 857 1392 13:
887 1339 944 1401 ἦν
973 1346 1058 1404 γὰρ
1088 1345 1289 1401 (Φαίαξ)
1313 1345 1372 1398 ὠς
1386 1346 1581 1400 Εὔπολίς

92 1439 207 1484 φησι
241 1423 409 1466 Λαλεῖν
447 1418 626 1478 ἄριστος
664 1420 755 1464 κτλ.
829 1423 991 1463 Gellius
1021 1422 1074 1463 N.
1104 1424 1154 1463 A.
1186 1421 1203 1462 1
1245 1421 1313 1463 15.
1354 1423 1583 1478 Eupolidis

94 1511 254 1554 quoque
283 1509 425 1537 versus
456 1496 509 1536 de
537 1495 587 1535 id
613 1507 747 1549 genus
769 1494 1007 1538 hominibus
1037 1495 1411 1549 consignatissime
1429 1497 1584 1547 sactus

94 1575 172 1621 est,
201 1565 370 1610 Λαλεῖν
400 1593 456 1599 -
487 1564 638 1619 λέγειν.
678 1565 789 1620 quod
805 1564 1038 1605 Sallustius
1067 1571 1212 1606 noster
1240 1567 1410 1605 imitari
1442 1566 1583 1617 volens

94 1642 276 1696 „loquo-2·
306 1637 498 1694 (inquit)
530 1634 670 1692 magis
701 1651 825 1691 quam
844 1636 1114 1689 facundus,”
1175 1637 1347 1678 Grotius
1366 1639 1584 1692 Excerptis

96 1727 138 1767 p.
151 1713 236 1753 507
268 1711 389 1751 Fotis
421 1711 632 1765 loquendi,
663 1722 806 1749 verum
836 1698 1009 1749 (licendi
1038 1710 1226 1762 impotis.
1264 1709 1443 1750 Versum
1473 1710 1585 1751 hunc

98 1784 151 1825 ad
163 1777 338 1837 Δήμους
373 1787 490 1822 recte
519 1782 683 1822 rettulit
709 1781 960 1830 Runkelius,
991 1793 1069 1821 nec
1100 1781 1270 1820 dubium
1308 1785 1371 1821 est
1402 1781 1501 1833 quin
1533 1794 1585 1828 ex

99 1855 248 1897 eodem
278 1866 372 1894 cum
403 1852 569 1894 Pericle
597 1865 791 1893 sermone
819 1852 975 1906 petitus
1014 1852 1088 1901 sit,
1124 1864 1175 1892 ex
1215 1865 1297 1904 quo
1327 1852 1495 1904 Fragm.
1526 1852 1586 1895 VI

99 1931 143 1968 et
170 1927 251 1968 VII
282 1928 491 1967 servotum
523 1929 602 1965 est.
669 1924 732 1965 De
762 1924 964 1965 Phaeacis
995 1923 1236 1976 eloquentia
1266 1922 1330 1964 cfr
1360 1923 1587 1977 Bergkium

99 1999 333 2042 Commeat.
364 2010 406 2051 p.
436 1996 534 2037 237.

809 2131 881 2172 lX.

160 2227 223 2272 Π.
249 2225 309 2268 ‘O
337 2223 480 2276 νόθος
508 2227 556 2268 δέ
585 2242 664 2281 μοι
692 2226 764 2286 ζῇς
797 2227 865 2269 Μ.
896 2229 974 2270 καὶ
1003 2225 1143 2269 πάλαι
1171 2224 1218 2281 y'
1251 2222 1308 2267 ἂν
1337 2217 1394 2278 ἦν
1422 2223 1551 2283 ἀνήρ,

161 2308 204 2354 εἰ
227 2310 291 2370 μὴ
320 2310 372 2353 τὸ
401 2310 480 2363 τῆς
509 2308 674 2368 πόρνης
703 2309 958 2371 ὑπωρρώδει
985 2307 1131 2357 κακόν.

219 2428 469 2470 Plutarchus
499 2428 551 2472 V.
570 2427 744 2470 Periclis
773 2441 863 2483 cop.
894 2430 973 2471 242
1004 2426 1131 2469 δοκεῖ·
1152 2424 1199 2468 δὲ
1228 2426 1303 2467 καὶ
1334 2422 1413 2467 τὸν
1442 2420 1591 2473 νόθον

105 2497 152 2541 ἐκ
182 2495 346 2550 ταύτης
375 2494 701 2552 (Ἀσπασίας)
740 2499 975 2551 τεκνῶσαι,
1018 2499 1117 2554 περὶ
1154 2489 1208 2538 οὗ
1237 2494 1474 2547 πεποίηκεν
1502 2492 1591 2540 Εὖ,-

107 2569 234 2620 πολις
272 2569 319 2611 ἐν
366 2565 533 2626 Δήμοις
570 2567 709 2611 αὐτὸν
746 2573 827 2626 μὲν
863 2564 1001 2619 οὕτως
1042 2568 1272 2626 ἐρωτῶντα
1321 2564 1378 2609 ‘0
1416 2564 1594 2617 νόθος
1662 2576 1672 2584 “

111 2639 165 2682 δέ
193 2655 285 2695 μοι
321 2640 400 2701 ζῇς
434 2639 514 2683 τὸν
544 2640 590 2683 δὲ
623 2640 898 2698 Μυρωνίδην
927 2644 1054 2695 (olim
1085 2637 1379 2696 Μυρωνίδην)
1407 2635 1593 2694 ἀποκρι-

111 2707 297 2766 νόμενον
344 2713 453 2755 Καὶ
496 2710 663 2756 πάλαι
705 2712 757 2769 y’
795 2710 863 2755 ἄν
900 2712 992 2756 κτλ.
1071 2715 1167 2755 IIoc
1214 2713 1356 2754 dicere
1401 2713 1590 2753 videtur:

114 2786 203 2826 iam
230 2785 384 2828 dudum
413 2788 478 2829 vir
499 2789 649 2841 factus
683 2792 813 2839 esset,
842 2787 930 2828 nisi
958 2786 1194 2827 meretricis
1230 2784 1385 2825 malum
1415 2784 1591 2824 extime-
