1786 3210
253 182 339 226 546
843 179 1147 225 EUPOLIDIS

371 293 464 338 Alia
500 292 735 347 fragmenta
773 294 824 336 ad
861 294 970 336 hanc
1014 295 1145 348 ipsam
1182 295 1364 339 fabulam
1404 295 1584 340 fortasse
1622 296 1734 339 refe-

254 366 385 410 renda
415 363 581 407 exhibui
612 365 653 408 in
686 365 838 407 incert.
867 365 982 408 xxi.
1012 366 1144 408 XLll.

396 665 781 708 [NGERTARUM
819 665 1177 717 FABULARUM
1219 665 1592 710 FRAGMENTA.

981 791 1015 832 1.

300 867 434 914 Ἀλλ’
466 867 647 913 ἀκούετ’
679 862 713 913 ὦ
744 872 916 915 θεαταὶ
949 870 1072 930 τᾶμὰ
1100 873 1177 916 καὶ
1204 871 1369 926 ξυνίετε

303 952 496 1018 ῥήματ’·
529 953 648 1000 εὐθὺ
676 956 760 1015 γὰρ
789 957 897 1016 πρὸς
925 955 1039 1016 ὑμᾶς
1069 957 1248 1017 πρῶτον
1277 954 1630 1014 ἀπολογήσομαι,

301 1037 332 1086 δ’
355 1058 399 1086 τι
429 1040 659 1095 παθόντες
687 1042 790 1095 τοὺς
817 1044 964 1099 ξένους
991 1046 1075 1102 μὲν
1103 1044 1243 1100 λέγετε
1274 1042 1461 1097 ποιητὰς
1491 1040 1672 1101 σοφούς,

301 1125 358 1180 ἢν
387 1128 433 1171 δέ
462 1143 528 1179 τις
558 1128 646 1171 τῶν
673 1128 841 1173 ἐνθάδ’
873 1128 1014 1175 αὐτοῦ
1040 1131 1153 1187 μηδὲ
1181 1127 1232 1172 ἓν
1257 1131 1403 1188 χεῖρον
1433 1128 1611 1187 φρονῶν

243 1215 272 1258 5
301 1212 566 1266 ε’πιτιθῆται
596 1214 650 1273 τῇ
680 1212 870 1268 ποιήσει,
903 1214 1022 1258 πάνυ
1051 1216 1174 1259 δοκεῖ
1197 1215 1339 1265 κακῶς
1367 1217 1560 1271 φρονεῖν,

297 1296 507 1356 μαίνεταί
534 1314 579 1341 τε
610 1301 687 1342 καὶ
716 1303 939 1358 παραρρεῖ
966 1300 1052 1342 τῶν
1084 1301 1258 1359 ([ρενιῦν
1286 1301 1346 1360 τῷ
1375 1301 1438 1361 σῷ
1466 1297 1593 1359 λόγῳ.

300 1380 403 1427 ἀλλ’
437 1384 538 1440 ἐμοὶ
566 1383 793 1428 πείθεσθε
824 1383 998 1437 πάντως
1020 1383 1346 1444 μεταβαλόντες
1376 1386 1478 1437 τοὺς
1506 1383 1708 1445 τρόπους,

297 1469 360 1528 μὴ
390 1467 618 1529 φθονεῖθ’
653 1464 764 1515 ὅταν
794 1488 859 1524 τις
887 1470 1011 1530 ἡμῶν
1038 1473 1229 1533 μουσικῇ
1253 1472 1388 1533 χαίρῃ
1418 1474 1538 1516 νέων.

352 1586 541 1628 Servavit
570 1587 776 1630 stobaeus
806 1589 921 1630 Flor.
942 1589 1000 1632 IV
1030 1589 1087 1630 33
1117 1603 1210 1632 cum
1239 1591 1434 1632 lemmate
1463 1585 1723 1637 Εὺπόλιδος.

238 1656 304 1698 Ad
321 1659 508 1699 aemulos
529 1663 675 1711 poetas
691 1659 950 1713 maximeque
981 1661 1032 1700 ad
1049 1660 1370 1714 Aristophanem
1401 1661 1506 1702 haec
1535 1666 1724 1715 spectare

237 1728 384 1769 monui
415 1730 586 1782 quaest.
617 1742 729 1770 scen.
763 1730 780 1770 Ι
810 1745 852 1784 p.
884 1731 939 1770 40
980 1731 1122 1781 (Hist.
1153 1732 1243 1772 crit.
1273 1745 1315 1786 p.
1349 1732 1459 1782 111)
1499 1737 1543 1772 et
1577 1737 1723 1786 postea

236 1798 341 1839 item
392 1800 473 1840 Th.
515 1800 722 1854 Bergkius
764 1801 996 1843 Comment.
1038 1816 1079 1856 p.
1119 1801 1217 1843 365.
1306 1803 1378 1844 νε.
1409 1803 1433 1843 1
1474 1806 1516 1843 et
1543 1803 1571 1844 2
1628 1803 1723 1844 libri

236 1865 379 1910 πολλὰ
406 1869 482 1910 καὶ
511 1867 674 1922 ξυνίετε
700 1867 912 1926 χρήματ’.
952 1874 1146 1915 Correxit
1177 1874 1402 1928 Berglerus
1432 1874 1483 1915 ad
1506 1874 1718 1929 Aristoph.

235 1940 334 1983 Pac.
366 1942 463 1983 604.
505 1946 652 1996 postea
682 1944 807 1984 etiam
838 1944 921 1986 alii.
954 1945 1153 1986 Ceterum
1193 1944 1257 1986 cfr
1295 1945 1347 1986 ad
1377 1946 1532 1987 Cratin.
1563 1946 1746 1999 p.124.*
1785 1990 1786 1996 ,

238 2012 345 2053 lbid.
375 2008 491 2066 ὑμᾶς
519 2026 596 2067 pro
625 2007 742 2067 ἡμᾶς
773 2028 823 2055 ex
853 2016 885 2057 Β
916 2017 1161 2070 repositum.
1220 2016 1304 2056 Pro
1333 2010 1452 2055 εὐθὺ
1482 2017 1597 2057 malit
1626 2018 1719 2071 quis

235 2081 378 2123 forsan
422 2077 576 2130 εὐθύς.
649 2084 734 2125 Sed
779 2085 944 2126 videtur
981 2086 1024 2126 id
1069 2091 1207 2127 tamen
1254 2086 1425 2127 defendi
1465 2099 1602 2140 posse.
1662 2113 1717 2121 -—
1784 2079 1786 2114 l

231 2152 305 2195 Vs.
337 2153 365 2193 3
411 2154 505 2194 libri
541 2150 784 2211 μαθρντες.
828 2182 884 2190 —
923 2157 1039 2198 Vs.4
1078 2151 1216 2195 αὐτοῦ
1247 2157 1390 2198 Trinc.
1422 2158 1543 2199 Voss.
1573 2170 1716 2211 margo

231 2222 362 2264 Gesn.
422 2224 558 2278 Vulgo
589 2219 749 2274 αὐτῶν,
780 2227 890 2279 quod
911 2227 1212 2270 Valckenarius
1240 2228 1282 2268 in
1313 2223 1474 2278 ἀστῶν,
1505 2228 1716 2269 Iacobsiua

229 2294 366 2334 Anim.
396 2295 448 2335 ad
480 2295 638 2337 Athen.
669 2309 710 2350 p.
741 2297 824 2339 341
855 2299 899 2340 in
927 2293 1070 2338 ὄντων
1098 2299 1297 2340 mutabat.
1357 2299 1442 2340 Sed
1471 2302 1587 2339 recte
1617 2311 1716 2340 con-

225 2364 413 2418 iungitur
441 2362 605 2406 ἐνθάδ’
640 2362 792 2408 αὐτοῦ.
866 2370 973 2412 Vide
1011 2382 1136 2422 quem
1167 2369 1430 2411 Gaisi'ordius
1460 2369 1599 2410 attulit
1629 2370 1714 2411 Do-

225 2435 397 2476 braeum
428 2437 479 2477 ad
511 2439 722 2493 Aristoph.
752 2439 863 2481 Plut.
895 2441 1020 2482 1188.
1086 2441 1312 2496 Bergidae,
1352 2442 1422 2495 qui
1459 2435 1608 2480 αὐτῶν
1645 2453 1714 2482 re-

225 2507 412 2556 vocavit,
449 2507 493 2548 id
526 2521 619 2550 cum
647 2507 761 2563 μηδὲ
791 2504 840 2549 ἓν
863 2511 1012 2565 χεῖρον
1042 2510 1220 2565 φρονῶν
1250 2513 1463 2553 coniunxit
1491 2517 1532 2553 et
1563 2512 1616 2552 dc
1645 2508 1709 2560 ξέ-

226 2586 320 2623 νοις
348 2577 566 2620 intellexit.
615 2604 670 2612 —
716 2581 787 2622 Vs.
822 2581 850 2621 5
879 2578 1146 2631 ἐπιτιθῆται
1177 2583 1389 2623 Por-sonus
1418 2583 1522 2623 Adv.
1552 2595 1593 2636 p.
1625 2582 1710 2623 287

223 2650 268 2687 et
296 2647 521 2690 lacobsius.
579 2651 694 2692 Libri
735 2649 967 2702 ἐπιθῆται.
1031 2653 1113 2693 Pro
1151 2650 1266 2705 μηδὲ
1306 2647 1356 2691 ἓν
1385 2652 1531 2693 calami
1562 2664 1709 2694 errore

223 2717 370 2771 scripsi
397 2716 587 2771 μηδενὸς
616 2722 728 2764 Hist.
761 2723 853 2765 crit.
883 2724 911 2764 l.
944 2724 972 2764 l.
1005 2749 1061 2756 —-
1092 2724 1164 2765 Vs.
1194 2725 1221 2763 6
1248 2719 1458 2776 μαίνεταί
1489 2735 1532 2763 τι
1562 2723 1705 2765 Trinc.

220 2788 343 2830 Voss.
385 2789 437 2831 N.
516 2790 676 2834 Ibidem
721 2794 1020 2837 Valckenarius
1060 2792 1272 2849 παραρεῖ,
1317 2795 1523 2837 advocans
1564 2794 1705 2847 Hesy-
