1786 3210
0 0 105 128 Γ,
128 0 138 3 Δ.
147 16 149 18 q

0 174 6 191 V

526 170 830 215 ΧΡΥΣΟΥΝ
857 172 1069 216 ΙἘΝΟΣ.
1444 179 1530 223 545

648 288 739 330 XX.
815 288 929 329 XXI.

161 368 340 412 Photius
373 370 473 412 Lex.
504 383 546 424 p.
575 370 674 413 596.
721 369 828 412 Τοῦ
855 370 985 421 Διὸς
1022 375 1083 414 τὸ
1112 370 1416 417 σάνδαλονε
1454 375 1532 418 ἐπὶ

43 436 133 479 τῶν
160 436 220 488 ὠς
247 440 363 494 μέγα
393 437 448 491 δή
479 454 536 481 τι.
566 436 761 491 Εὔπολις
793 442 959 500 Χρυσῷ
986 443 1112 498 γένει.
1173 446 1331 487 Eadem
1371 447 1524 490 Suidas

45 523 84 552 v.
121 508 213 552 Τοῦ
239 510 343 560 Διός
374 517 456 555 eto.
513 513 663 555 Pollux
693 515 772 558 VII
802 516 882 557 86:
914 512 964 555 τὸ
994 512 1221 557 σάνδαλον
1253 512 1443 566 Εὔπολις
1478 516 1525 559 ἐν

49 579 216 638 Χρυσῷ
254 581 382 636 γένει.
428 610 484 616 -
528 585 646 626 Idem
688 586 836 628 Pollux
867 587 925 628 IX
955 588 1034 629 26:
1073 582 1173 629 κατ’
1218 582 1418 629 Εὔπολιν
1457 587 1526 630 λέ-

42 664 182 705 γοντα
212 650 260 694 ἐν
291 651 460 711 Χρυσῷ
489 654 601 708 γένει
629 652 1006 707 νεοκάτοικος.

717 772 853 814 XXII.

155 858 388 901 Scholiasta
424 861 638 915 Aristoph.
668 861 797 916 vesp.
830 863 965 904 1301:
1001 857 1125 917 παρὰ
1159 858 1243 912 τὴν
1278 858 1527 918 παροιμίαν

39 921 172 979 ,,ἷ>’νος
206 923 268 977 εἰς
303 925 531 984 ἀχυρῶνας
571 926 787 988 ἆπέδρα.”
845 928 869 974 ὁ
901 931 948 973 δὲ
986 927 1192 988 ἇχυρὸς
1227 927 1339 989 παρ’
1371 928 1526 974 Εὐπό-

38 996 129 1039 λιδι
167 997 214 1039 ἐν
247 999 410 1058 Χρυσῷ
446 1000 580 1055 γένει,
620 994 736 1043 ὅπου
777 1003 850 1043 καὶ
889 1001 939 1044 τὸ
979 999 1224 1051 Πλάτωνος
1262 999 1527 1059 παράκειται

0 1085 1 1124 j
37 1066 85 1120 ἐξ
118 1064 379 1120 Ἀδώνιδος.
452 1075 741 1128 Aristophanis
781 1075 887 1116 haec
924 1077 1050 1116 verba
1087 1080 1212 1116 sunt:
1254 1073 1438 1131 κλητῆρί
1479 1071 1522 1116 τ’

36 1134 99 1189 εἰς
127 1136 355 1198 ἆχυρῶνας
383 1138 721 1199 ἀποδεδρακότι.
774 1146 941 1186 Kusteri
974 1147 1102 1186 editio
1133 1142 1318 1201 ἄχειρος.
1372 1148 1524 1189 Aldina

0 1233 1 1272 ;
35 1206 211 1267 ἤχυρος.
270 1215 426 1268 Scripsi
453 1210 614 1270 ἅχυρὸς
644 1230 694 1257 ex
723 1222 949 1270 praecepto
980 1217 1223 1259 Ilerodiani.
1289 1219 1341 1262 V.
1372 1219 1523 1261 Arcad.

42 1297 86 1338 p.
109 1285 166 1332 22
194 1284 237 1327 5.
296 1285 358 1326 De
387 1288 608 1340 proverbio
639 1281 741 1335 ὄνος
769 1281 830 1335 εἰς
852 1282 1017 1342 ἀχυρὸν
1048 1289 1135 1329 sive
1164 1282 1226 1336 εἰς
1255 1283 1410 1344 ἄχυρα,
1442 1303 1525 1342 quo

42 1356 167 1397 etiam
204 1357 380 1410 Eupolis
418 1370 518 1399 usus
558 1372 651 1399 esse
697 1360 886 1408 videtur,
944 1359 1027 1400 dixi
1068 1359 1120 1399 ad
1156 1359 1306 1414 fragm.
1346 1361 1524 1402 Philem.

41 1440 84 1482 p.
114 1426 213 1469 425.
280 1428 568 1483 Aristophanis
606 1431 766 1480 locum,
817 1443 942 1483 quum
984 1425 1160 1485 ἀχυρών
1198 1432 1249 1471 ab
1288 1432 1523 1472 Atticorum

40 1509 120 1540 usu
169 1510 339 1552 prorsus
386 1499 631 1551 abhorrent,
682 1501 764 1542 Th.
813 1501 1018 1555 Bergkius
1075 1500 1133 1543 ita
1175 1503 1326 1556 refingi
1374 1502 1523 1552 voluit,

38 1563 224 1624 κλητῆρί
252 1564 299 1608 τ’
328 1563 388 1619 εἰς
412 1568 551 1625 χνοῦν
578 1566 733 1626 κᾶχυρ’
767 1568 1103 1628 ἀποδεδρακότι.

705 1675 862 1717 XXIII.

153 1758 432 1801 Antiattioista
469 1773 512 1813 p.
543 1760 612 1802 96.
655 1753 925 1811 Ἕξηγητήςε
974 1756 1169 1809 ,Εὔπολις
1211 1757 1375 1817 Χρυσῷ
1409 1759 1524 1814 γένει

36 1821 289 1882 Λάμπων
318 1825 643 1883 οὑξηγητής.
688 1825 847 1885 μάντις
876 1827 959 1886 γὰρ
988 1821 1045 1882 ἦν
1073 1831 1150 1872 καὶ
1174 1830 1399 1887 χρησμοὺς
1427 1828 1524 1883 ἐξη-

36 1898 168 1953 γεῖτο.
233 1900 464 1943 Scholiasta
504 1902 795 1957 Aristophanis
826 1904 935 1945 Nub.
966 1904 1076 1944 331:
1113 1893 1177 1943 ὦν
1212 1903 1288 1944 καὶ
1318 1899 1525 1958 Λάμπων

35 1958 108 2023 ᾖν,
138 1965 193 2012 ὃν
220 1968 434 2025 ἐξηγητὴν
463 1969 661 2016 ἐκάλουν,
736 1975 799 2015 De
829 1975 923 2017 looo
954 1975 1259 2018 Antiatticistae
1291 1974 1356 2017 ot'r
1386 1974 1523 2020 Reisi-

35 2041 150 2098 glum
180 2043 368 2087 Coniect.
400 2045 419 2086 1
449 2058 491 2100 p.
523 2046 620 2086 175.

702 2131 853 2174 XXIV.

152 2213 429 2266 Han-poentio
459 2228 500 2267 p.
531 2216 615 2255 166
652 2216 730 2255 19:
774 2212 957 2269 σιτηρὸν
991 2211 1166 2267 ἀγγεῖόν
1203 2213 1325 2255 ἐστιν
1366 2211 1394 2264 ἡ
1434 2227 1524 2256 σι-

39 2275 175 2331 aba,
218 2279 313 2323 ἔστι
342 2282 388 2325 δὲ
413 2279 623 2332 πολλάκις
651 2282 773 2339 παρὰ
802 2285 893 2334 τοῖς
921 2281 1121 2340 ἀρχαίοις
1158 2289 1375 2339 κωμικοῖς.
1437 2281 1526 2327 Εὕ-

40 2350 168 2401 πολις
199 2352 363 2411 Χρυσῷ
391 2353 518 2408 γένει.
578 2356 755 2398 Photius
785 2371 826 2411 p.
847 2358 932 2398 213
963 2359 1004 2398 6.
1034 2353 1200 2398 σιπύα3
1232 2354 1414 2412 σιτηρὸν
1442 2352 1525 2411 ἀγ-

37 2422 170 2478 γεῖον.
226 2422 400 2475 Λυσίας
429 2438 475 2466 τε
502 2425 579 2467 καὶ
609 2417 803 2475 Εὔπολις
831 2427 908 2468 καὶ
933 2422 1284 2484 Ἀριστοφάνης.

604 2540 734 2584 XXV.
806 2541 959 2584 XXVI.

150 2620 390 2665 Athenaeus
422 2625 479 2667 lx
509 2640 550 2679 p.
582 2627 667 2667 466
682 2639 728 2667 c:
770 2625 947 2667 πισοῦ
976 2624 1037 2675 δέ,
1068 2624 1147 2667 τοῦ
1177 2621 1378 2682 ὀσπρίου,
1407 2639 1524 2680 μνη-

39 2687 212 2744 μονεύει
249 2693 325 2734 καὶ
354 2691 549 2744 Εὔπολις
584 2695 631 2737 ἐν
664 2695 828 2754 Χρυσῷ
857 2697 982 2750 γένει.
1030 2724 1086 2731 --
1135 2698 1251 2739 Idem
1284 2698 1522 2739 1x14⁰8e=

39 2757 179 2801 κατὰ
202 2762 383 2819 χειρὸς
411 2760 563 2822 ὕδωρ
593 2794 646 2801 —
675 2764 734 2816 ὠς
763 2765 959 2816 Εὔπολις
990 2767 1038 2808 ἐν
1072 2765 1236 2824 Χρυσῷ
1265 2767 1392 2819 γένει.

94 2842 261 2878 Comoed.
295 2850 364 2880 ant.
1188 2839 1243 2879 35
