1786 3210
588 145 632 187 Ε
636 144 718 188 YN
723 142 790 186 EI
786 143 821 187 A
829 142 910 188 ΑΙ.
1451 146 1513 190 59

0 264 101 308 v>chii
130 264 300 319 glossa,
329 261 478 319 Δωροῖ
502 259 782 304 συκοπέδιλεε
821 257 1093 318 παρῳδεῖται
1135 259 1265 311 (fort.
1299 253 1514 318 παρῴδη-

0 339 113 389 am)
144 335 190 377 ἐκ
220 335 308 377 τῶν
338 331 535 390 ἀρχαίων
562 329 838 388 ποιημάτων.
885 336 1004 387 Quae
1033 347 1117 374 non
1148 337 1265 374 recte
1282 334 1515 388 Th.Berg-·

8 410 111 453 'kius
143 410 171 450 1.
204 410 231 450 l.
264 424 305 463 p.
338 411 392 450 69
426 411 483 449 ita
512 409 808 461 interpretatus
839 413 904 447 est
933 407 1197 460 „exagitatur
1225 406 1307 446 hoc
1336 406 1387 446 ab
1418 406 1514 447 Ari-

18 481 225 535 stophane
263 495 313 521 ex
343 482 524 533 antiquis
555 480 777 531 (Cratini)
807 479 1062 519 carminibus
1101 477 1319 532 petitum.''
1379 478 1515 530 Quam

18 553 409 606 interpretationem
425 552 706 606 Th.Bergkio
725 552 893 605 placere
922 551 1114 603 potuisse
1143 553 1258 590 tanto
1290 549 1422 602 magis
1439 548 1517 589 mi-

12 638 114 674 ror,
147 637 272 678 quum
302 625 394 677 ipse
424 625 554 678 probe
584 624 869 677 perspexerit,
903 623 1119 663 Cratinum
1152 623 1202 663 ab
1234 621 1517 674 Aristophane

19 709 104 738 non
142 696 421 750 reprehendi,
459 697 534 737 sed
564 697 738 736 summis
777 696 971 736 laudibus
1009 694 1168 735 efferri.
1227 693 1519 735 Certissimum

17 767 148 821 igitur
190 773 276 817 est,
320 768 429 808 hanc
475 766 680 821 Hesychii
723 767 1034 808 adnotationem
1079 770 1126 806 ut
1170 770 1368 806 centenas
1414 765 1518 806 alias

14 839 210 886 ‚eiusdem
240 840 499 893 grammatici
541 853 591 879 ex
623 839 783 879 Cratini
821 838 1060 879 scholiastis
1102 850 1197 877 esse
1241 837 1442 890 petitam,
1473 839 1518 878 et

11 910 74 953 nd
112 911 244 963 ipsam
288 912 400 950 illam
441 911 601 952 Cratini
640 911 889 951 cantilenam
929 911 1121 964 spectare
1178 921 1229 948 ex
1269 907 1518 962 antiquioris

13 985 172 1040 poetae
213 983 396 1023 carmine
434 983 634 1036 parodiae
671 983 766 1024 lusu
812 982 1032 1022 deflexam.
1112 981 1199 1021 Iam
1242 981 1350 1021 illud
1389 981 1518 1026 etiam

13 1054 152 1107 magis
181 1055 382 1107 patescit,
421 1056 657 1096 rectissime
696 1055 739 1095 in
770 1054 909 1094 verbis
949 1052 1203 1095 scholiastae
1242 1052 1402 1094 editum
1427 1046 1520 1092 Εὐ-

14 1121 213 1181 μενίδων
242 1140 265 1166 a
295 1127 484 1168 Meursio
515 1129 624 1168 Bibl.
656 1132 729 1168 att.
759 1140 801 1180 p.
834 1127 963 1168 1467.
1023 1125 1216 1170 Fabricio
1247 1125 1356 1167 Bibl.
1386 1137 1450 1179 gr.
1474 1124 1520 1169 Π

20 1211 65 1254 p.
94 1198 180 1239 432
211 1198 386 1253 aliisque
415 1200 457 1241 in
487 1194 948 1241 Efivetffffivmutatum
980 1211 1088 1241 esse.

688 1328 761 1371 IV.
819 1328 872 1371 V.

136 1410 287 1453 suidas
315 1412 398 1453 vol.
431 1413 449 1453 1
478 1426 521 1466 p.
553 1414 651 1455 149.
695 1408 1240 1468 ,’Λμφιανακτίζεινε
1282 1405 1408 1469 ᾄδειν
1436 1405 1520 1451 τὸν

31 1478 318 1540 Τερπάνδρου
348 1478 501 1536 νόμον,
531 1479 612 1523 τόν
640 1480 914 1540 καλούμενον
947 1480 1166 1541 ’Όρθ-ιον,
1197 1474 1251 1526 οὗ
1280 1480 1331 1524 τὸ
1362 1479 1518 1541 προοί-

22 1567 128 1612 μιον
158 1550 327 1605 ταύτην
357 1549 438 1605 τήν
466 1550 606 1610 ἀρχὴν
634 1545 747 1610 εἶχεν

120 1621 276 1682 Ἀμφί
303 1640 382 1681 μοι
412 1622 553 1668 αὐτὸν
581 1624 758 1683 ἄναχθ’
787 1622 1061 1682 ἑκατηβόλον
1092 1624 1234 1685 ᾀδέτω
1265 1622 1399 1684 φρήν.

0 1693 122 1740 ἓέστι
163 1695 211 1739 δὲ
248 1699 325 1740 καὶ
361 1697 409 1740 ἐν
444 1696 622 1756 Εὐναία
658 1700 735 1741 καὶ
777 1699 824 1741 ἐν
857 1695 1110 1758 Ἀναγύρῳ.
1180 1701 1424 1743 Dindorfius
1464 1699 1519 1741 ad

0 1771 240 1825 }·Aristoph.
284 1773 452 1826 Fragm.
498 1787 540 1826 p.
579 1773 634 1814 95
683 1775 856 1827 corrigit
906 1769 1144 1822 Εὐνείδαις
1191 1772 1261 1814 vel
1312 1766 1518 1828 Πυλαία.

0 1834 213 1891 burmann
242 1838 501 1895 Εὐνείδαις,
538 1845 579 1885 ἰη
613 1858 694 1898 qua
721 1845 864 1886 fabula
893 1846 1140 1900 frequentes
1178 1845 1310 1886 fuisse
1340 1844 1520 1887 aliorum

0 1919 244 1978 [poetarum
281 1916 475 1969 parodias
521 1918 693 1970 quaest.
733 1931 848 1959 scen.
887 1918 906 1959 l
946 1933 988 1973 p.
1020 1920 1073 1959 21
1118 1918 1261 1959 monui
1303 1931 1354 1958 ex
1384 1916 1519 1959 Athe-

0 1980 132 2045 itaeo
161 1987 240 2031 XV
268 2001 312 2042 p.
342 1989 426 2029 698
448 1988 495 2029 d:
535 1987 743 2044 κέχρηται
773 1987 820 2030 δὲ
850 1987 1159 2048 (παρῳδίαις)
1189 1988 1267 2031 καὶ
1294 1987 1524 2045 Κρατῖνος

25 2052 53 2100 ὗ
83 2055 160 2110 τῆς
187 2054 377 2112 ἀρχαίας
405 2056 639 2117 κωμῳδίας
669 2058 856 2113 ποιητὴς
885 2060 933 2102 ἐν
962 2058 1210 2111 Εὐνείδαις.
1278 2062 1391 2103 Hinc
1428 2059 1523 2102 for-

27 2132 143 2171 {asse
185 2131 238 2171 ad
276 2132 453 2174 eandem
493 2133 679 2176 fabulam
715 2135 942 2176 referenda
995 2140 1114 2187 sunt,
1166 2147 1274 2188 quae
1321 2134 1522 2187 leguntur

30 2201 144 2254 opud
178 2201 459 2257 Porphyrium
494 2207 670 2246 Eusebii
714 2207 866 2261 Praep.
906 2209 984 2249 Ev.
1024 2207 1064 2247 X
1103 2207 1152 2248 3:
1199 2201 1251 2246 τὸ
1288 2201 1373 2260 γὰρ
1413 2199 1523 2256 „th

0 2269 6 2322 ,¹
33 2263 81 2309 δ’
102 2266 469 2327 ’ἀπαμειβόμενος
498 2276 702 2333 προσέφη
731 2274 887 2334 κρείων
924 2274 1175 2332 Λιομήδης”
1215 2274 1340 2330 σιγῶ,
1374 2268 1524 2329 Ὺ)μῆ-

33 2354 116 2396 ρου
144 2341 495 2400 κωμῳδηθέντος
525 2343 612 2388 ὑπὸ
642 2346 875 2403 Κρατίνου
913 2346 990 2389 διὰ
1027 2346 1078 2389 τὸ
1109 2343 1356 2389 πλεονάσαι
1385 2344 1432 2386 ἐν
1461 2341 1524 2404 τῷ

33 2409 145 2464 ,,τὸν
174 2409 220 2454 δ’
251 2413 641 2473 ἐπαμειβόμενος.”
702 2420 848 2474 ltaque
876 2426 924 2462 ut
954 2421 1228 2462 Homericum
1253 2419 1358 2460 illud
1387 2418 1524 2460 hemi-

32 2487 228 2529 nichium
257 2484 338 2527 τὸν
367 2484 415 2527 δ’
435 2485 798 2544 ἐπαμειβόμενος,
824 2493 883 2533 ita
914 2493 1039 2533 etiam
1072 2492 1387 2546 dithyrambicis
1417 2503 1522 2545 poe-

33 2558 89 2600 aa
115 2558 426 2612 frequentatum
458 2563 674 2604 exordium
711 2558 860 2620 ,,ἆμφί
888 2577 968 2618 μοι
998 2553 1124 2612 αὖτις
1159 2558 1359 2602 ἄνακτα”
1395 2575 1521 2617 paro-

36 2628 130 2671 mne
165 2631 261 2672 lusu
308 2633 459 2674 riserat
501 2635 710 2677 Cratinus.
789 2637 1026 2691 Terpaudri
1067 2649 1212 2677 versus
1241 2634 1275 2682 ‚fa
1310 2634 1440 2677 Suida
1478 2637 1524 2676 et

39 2699 170 2742 schol.
208 2703 334 2745 Arist.
373 2705 483 2748 Nub.
512 2707 603 2757 ,591
645 2708 796 2750 allatus
833 2713 1066 2763 praeeunte
1103 2708 1197 2750 fere
1235 2707 1432 2751 Ernestio
1464 2707 1525 2751 Ita

0 2758 12 3174 ι
43 2770 285 2815 scribendus
314 2779 423 2832 est:-

0 3171 13 3210 ῐι
