1786 3210
647 184 695 227 K
702 182 828 227 (JAA
835 181 967 226 ΚΕΣ.
1271 197 1273 201 ’
1469 185 1554 225 493

762 358 854 399 XV.

391 449 578 490 Δεῖπνον
607 447 689 496 θὲς
719 444 878 489 ἑκατὸν
908 439 1122 504 δραχμάς.
1181 441 1238 486 Β.
1269 435 1383 486 ἰδού.

235 536 293 580 A.
328 525 450 577 οἶνον
479 534 564 583 θὲς
593 531 744 590 ἑτέραν
773 532 906 589 μνᾶν.

179 652 328 694 Pollux
360 651 418 692 IX
447 644 590 699 51)εὴ
624 644 779 700 ἀττικὴ
810 645 903 704 μνᾶ
943 643 1029 701 ἔχει
1059 640 1258 700 δραχμὰς
1288 637 1469 691 ἑκατόν,
1500 637 1560 691 ὠς

68 718 362 781 ἀκριβέστατά
406 720 528 762 ἐστιν
569 719 615 760 ἐν
658 721 750 770 τοῖς
815 715 1065 766 Εὐπόλιδος
1115 714 1314 767 Κόλαξιν
1374 713 1563 755 Δεῖπνον

68 795 154 845 θὲς
191 792 347 836 ἑκατὸν
388 790 522 847 μνᾶς·
562 787 672 834 ιδού.
734 782 817 832 εἶτ
858 789 1055 845 ἐπιφέρει
1102 777 1235 828 Οἷῑον
1286 786 1369 835 θὲς
1410 783 1564 840 ἑτέραυ

71 865 203 923 μνᾶν.
270 864 407 917 δῆλον
455 857 526 905 ὅτι
563 863 638 906 καὶ
682 860 761 913 τὰς
799 860 947 919 ἑτέρας
997 858 1153 902 ἑκατὸν
1203 855 1401 914 δραχμὰς
1446 856 1564 914 μνᾶν

69 936 224 997 εἴρηκέ.

762 1076 876 1118 XVI.

239 1164 431 1216 Ἐκεῖνος
459 1155 515 1218 ἦν
545 1162 776 1221 φειδωλός,
809 1161 857 1215 ὃς
887 1164 960 1206 ἐπὶ
989 1161 1069 1204 τοῦ
1100 1160 1204 1218 βίου

244 1251 330 1309 πρὸ
360 1250 440 1294 τοῦ
470 1251 666 1307 πολέμου
693 1253 775 1305 μὲν
804 1246 1003 1308 τριχίδας
1031 1243 1255 1305 ώψώνησ’
1289 1241 1424 1300 ἅπαξ,

245 1333 318 1382 ὅτε
348 1335 432 1380 τάν
463 1332 604 1396 Σάμῳ
635 1334 688 1378 δ’
717 1326 787 1390 ἦν,
818 1332 1099 1393 ἡμιωβολίου
1132 1334 1250 1391 κρέα.

190 1456 432 1499 Athenaeus
463 1454 542 1497 Vll
573 1467 614 1507 p.
646 1453 794 1495 3280:
826 1446 1031 1507 τριχίδων
1059 1448 1106 1491 δὲ
1136 1443 1443 1503 (μνημονεύει)
1477 1442 1563 1487 Εὕ-

77 1525 204 1576 πολις
232 1524 279 1567 ἐν
309 1519 509 1576 Κόλαξιν
535 1520 728 1572 Ἐκεῖνος
756 1513 813 1575 ἦν
843 1518 1060 1580 φειδωλός
1089 1520 1179 1563 κτλ.
1254 1523 1328 1564 Vs.
1358 1523 1385 1562 2
1429 1514 1567 1574 ω’ψώ-

77 1594 182 1650 νησ’
212 1599 261 1640 L.
307 1591 512 1650 ὀψώνησ’
543 1596 632 1638 PV.
681 1590 882 1648 ἑψαὶνησ’
915 1597 964 1637 Β.
1024 1621 1080 1628 —--
1141 1595 1213 1637 Vs.
1242 1594 1269 1634 3
1316 1607 1392 1646 pro
1423 1588 1505 1632 τάν
1534 1594 1567 1634 Β

81 1665 132 1711 δ’
166 1665 237 1712 ἄν.
303 1669 407 1710 lbid.
447 1662 723 1720 ἡμιωβολίου
754 1667 801 1708 L.
858 1661 1129 1720 ἡμιωβελίου
1158 1667 1246 1707 Ac,
1305 1660 1572 1718 ἡμιοθολίου

82 1742 171 1785 PV.
238 1741 383 1783 Videri
413 1740 517 1780 haec
549 1739 601 1778 de
632 1739 789 1780 Calliae
819 1745 958 1792 patre,
996 1739 1258 1791 Hipponico,
1296 1738 1572 1791 intelligenda

83 1826 177 1855 esse
205 1812 382 1854 indicavi
412 1812 522 1868 ῌίεῐ.
554 1810 644 1851 crit.
668 1825 709 1864 p.
727 1810 822 1851 136.
884 1812 1001 1863 Quae
1032 1811 1067 1851 si
1098 1823 1195 1851 vera
1227 1814 1290 1850 est
1321 1810 1572 1859 coniectura,

84 1889 276 1940 apertum
313 1887 378 1924 est
414 1883 519 1923 haec
559 1882 640 1922 dici
680 1882 732 1923 ad
763 1882 1006 1923 elevandam
1037 1881 1218 1922 hominis
1248 1882 1569 1935 temperantiam

81 1957 291 1998 laudatam
329 1954 535 1998 Andocidi
573 1954 626 1995 de
664 1955 793 2008 Myst.
831 1968 872 2007 p.
906 1954 986 1994 121
1028 1954 1160 1995 Bekk.
1231 1953 1307 1995 Cfr
1336 1954 1447 1994 Hist.
1479 1953 1570 1994 crit.

82 2042 126 2084 p.
143 2029 241 2079 132,
270 2028 342 2069 77.
415 2022 481 2065 Τὰ
511 2022 558 2065 ἐν
586 2020 727 2081 Σάμῳ
757 2025 1181 2078 Schweighaeuserus
1221 2028 1337 2065 recte
1366 2025 1574 2077 interpre-

83 2105 197 2143 tatur
227 2100 280 2140 de
308 2098 420 2140 bello
437 2098 615 2139 Samico.
658 2097 774 2138 Idem
805 2088 926 2147 ἅπαξ
956 2101 998 2136 et
1026 2091 1302 2148 ἡμιωβολίου
1333 2097 1384 2137 ad
1413 2100 1573 2136 utrum-

86 2183 169 2225 que
197 2170 394 2212 orationis
425 2169 656 2210 membrum
686 2169 832 2219 refert,
864 2172 909 2209 ut
938 2169 1018 2208 hoc
1048 2168 1159 2208 dicat
1187 2172 1327 2221 poeta,
1358 2167 1572 2207 hominem

85 2242 206 2283 illum
245 2240 376 2282 semel
412 2241 455 2281 in
495 2240 579 2280 vita
615 2240 814 2280 trichidas
843 2253 919 2292 pro
951 2239 1124 2279 obsonio
1157 2239 1308 2280 emisse
1344 2239 1388 2279 in
1419 2251 1574 2291 easque

89 2311 344 2366 impendisse
372 2310 684 2359 semiobolium3
724 2311 908 2363 itemque
938 2310 1069 2350 semel
1099 2310 1140 2350 in
1172 2310 1254 2349 vita
1285 2322 1476 2358 carnem,
1508 2322 1574 2350 se-

91 2384 263 2427 mioboli
290 2383 440 2437 pretio.
494 2376 812 2436 Ἠμιωβολίου
840 2386 888 2422 ut
918 2382 970 2421 ad
999 2377 1197 2434 τριχίὸας
1226 2385 1441 2433 repetatur
1472 2381 1575 2421 nihil

90 2468 264 2499 necesse
294 2459 358 2496 est
387 2455 429 2495 in
460 2457 573 2496 tanta
602 2455 715 2495 illius
752 2453 941 2508 pisciculi
980 2453 1152 2493 vilitate.
1221 2452 1397 2495 Videtur
1437 2456 1575 2493 nutem

91 2528 204 2570 circa
234 2527 403 2568 Samum
428 2525 603 2566 insulam
631 2526 816 2579 inprimis
846 2526 960 2579 larga
990 2524 1123 2566 fuisse
1153 2520 1359 2579 τριχίδων
1389 2529 1574 2577 captura.

91 2599 235 2641 Minus
263 2602 457 2640 accurate
486 2596 624 2638 locum
654 2599 952 2651 interpretatus
984 2601 1050 2637 est
1073 2597 1370 2637 Casaubonus:
1402 2595 1573 2645 „Semel

0 2654 4 2725 l
94 2668 138 2710 ln
174 2670 258 2711 vitu
298 2674 395 2721 ante
435 2669 591 2710 bellum
628 2673 774 2710 contra
803 2668 963 2710 Samios
993 2668 1128 2721 pisces
1161 2668 1281 2718 emit,
1326 2672 1369 2708 et
1404 2668 1572 2721 quidem

0 2731 2 2786 i
97 2738 316 2791 trichldns,
352 2754 434 2782 non
464 2741 603 2795 magni
633 2741 780 2795 prelii:
817 2743 859 2781 at
898 2739 1094 2792 quamdiu
1124 2741 1193 2780 fes
1223 2739 1457 2780 Samiorum
1487 2743 1572 2778 ste-

0 2812 2 2841 *
98 2813 263 2862 terunt,
301 2811 374 2864 qui
400 2811 633 2856 rebellione
673 2824 750 2855 sua
787 2816 835 2854 ut
874 2814 985 2853 esset
1016 2809 1192 2854 Athenis
1232 2824 1395 2854 annona
1424 2808 1576 2852 arctior
