1786 3210
712 160 864 206 AHM
867 159 941 204 01.
1485 164 1571 206 ¹163

797 343 850 386 X.

283 454 347 499 Οὐ
378 456 525 499 δεινὸν
554 446 635 498 οὖν
662 454 810 513 κριοὺς
839 453 912 512 ἔμ’
942 453 1146 510 ἐκγεννᾶν
1175 455 1319 508 τέκνα,

271 538 416 600 ὄρνεις
446 538 495 583 δ’
527 539 709 598 ὁμοίους
738 540 841 593 τοὺς
866 538 1070 592 νεοττοὺς
1098 541 1159 601 τῷ
1188 539 1345 599 πατρίς

190 659 432 702 Athenaeus
464 660 522 701 lX
552 674 594 714 p.
625 660 773 701 373e=
810 650 881 699 ὅτι
912 655 958 698 δὲ
987 657 1064 698 καὶ
1093 656 1167 699 ἐπὶ
1195 656 1277 699 τοῦ
1304 655 1562 710 πληθυντι-

74 728 156 771 κοῦ
182 725 323 786 ὄρνεις
351 729 540 783 λέγουσι,
571 725 797 785 πρόκειται
827 728 877 771 τὸ
897 724 1203 785 Μενάνδρειον
1230 725 1561 786 μαρτύριον·-

72 801 149 843 καὶ
177 797 372 851 Εὔπολις
407 800 454 842 ἐν
483 800 648 856 Δήμοις
683 799 747 843 Οὐ
775 800 922 843 δεινὸν
956 791 1038 842 οὗν
1074 800 1166 842 κτλ.
1239 803 1312 846 Vs.
1343 804 1368 844 1
1414 800 1563 859 κριοὺς

71 888 149 929 pro
186 870 353 931 κρείους
383 875 680 918 Valckenarius
717 876 771 916 ad
809 875 956 929 Eurip.
999 874 1160 916 Phoen.
1191 874 1262 917 44.
1313 875 1447 917 -ldem
1483 868 1558 929 ἔμ’

69 959 148 1000 pro
187 947 356 1000 vulgato
385 940 452 1000 μ’,
492 959 570 1000 pro
599 960 682 1000 quo
711 947 744 988 B
785 946 914 987 habet
951 958 1020 999 με,
1084 946 1168 987 Th.
1198 946 1404 1000 Bergkius
1433 948 1561 989 Com-

67 1020 197 1059 ment.
228 1030 270 1071 p.
302 1017 386 1058 349
423 1017 505 1070 μὲν
542 1011 638 1071 ἔμ’.
698 1019 791 1071 Quo
831 1031 914 1059 non
954 1030 1059 1071 opus
1100 1020 1177 1059 est.
1244 1017 1380 1060 Recte
1417 1023 1558 1061 autem

34 1084 40 1090 ⁸
66 1088 172 1131 haec
204 1088 379 1129 Periclis
409 1089 537 1129 verba
566 1102 661 1130 esse
690 1093 900 1140 statuunt,
942 1089 1054 1143 quod
1094 1089 1328 1142 degeneres
1369 1103 1393 1130 a
1422 1091 1557 1144 patria

65 1159 221 1202 virtute
250 1161 360 1203 filios
390 1161 585 1216 genuerit
614 1160 922 1214 conquerentis.
982 1159 1119 1202 Affert
1143 1161 1443 1203 Valckenarius
1472 1163 1557 1203 Ze-

67 1223 237 1275 nobium
279 1233 336 1275 lv
375 1235 445 1276 63.
488 1228 607 1288 κριὸς
646 1231 808 1286 τροφεῖ
814 1228 824 1242 ’
863 1227 1092 1272 ἀπέτισενε
1142 1226 1170 1282 ἡ
1212 1228 1435 1287 παροιμία
1479 1229 1555 1274 ἐπὶ

66 1303 156 1347 τῶν
178 1301 443 1362 ἀχαρίστων,
459 1302 556 1345 ἐπεὶ
574 1300 653 1352 τὰς
675 1299 850 1358 φάτνας
875 1297 1148 1353 πλήττουσιν
1169 1301 1214 1343 οἱ
1229 1300 1358 1358 κριοί.
1389 1304 1555 1348 Eodem

0 1380 1 1435 j
63 1378 286 1432 proverbio
317 1389 416 1418 usus
447 1382 511 1418 est
541 1376 738 1417 Libanius
775 1375 829 1416 de
859 1375 943 1416 vita
974 1388 1049 1417 sua
1079 1375 1097 1417 1
1123 1389 1165 1430 p.
1197 1375 1252 1416 14
1281 1375 1331 1416 B.
1368 1369 1555 1430 ἀνθρώ-

0 1438 1 1445 ¹
63 1461 168 1489 πιον
195 1446 242 1489 ἐκ
273 1443 462 1498 Κυζίκου
490 1442 655 1501 μιαρόν
683 1459 728 1486 τε
758 1444 835 1487 καὶ
864 1442 1104 1501 ἀχάριστον
1133 1472 1190 1480 --
1219 1442 1345 1501 κριοῦ
1373 1443 1421 1486 δὲ
1451 1459 1553 1502 τρο-

60 1519 167 1575 φεῖα
195 1516 311 1560 κατὰ
348 1516 429 1568 τὴν
466 1514 714 1572 παροιμίαν
743 1514 970 1560 ἀποτῖνον.
1029 1518 1104 1560 Cfr
1132 1519 1311 1573 Diogen.
1342 1519 1464 1560 Cent.
1495 1519 1548 1562 V.

17 1584 25 1587 K
60 1593 115 1633 62
147 1595 190 1632 et
218 1592 342 1632 Prov.
372 1590 491 1631 Bodl.
522 1590 621 1631 556.
668 1615 725 1622 —
761 1590 834 1632 Vs.
866 1591 893 1631 2
924 1590 1019 1631 libri
1050 1584 1108 1629 θ’
1139 1603 1215 1643 pro
1247 1583 1308 1640 δ’,
1338 1591 1449 1643 quod
1480 1603 1549 1631 re-

61 1663 302 1718 ponendum
340 1663 443 1702 vidit
473 1662 643 1702 Grotius
672 1662 894 1714 Excerptis
925 1675 967 1716 p.
997 1661 1096 1703 499.
1168 1661 1330 1703 Ibidem
1367 1655 1550 1715 ὁμοίους

19 1737 21 1739 ’
60 1747 138 1789 pro
167 1729 330 1788 ὁμοίως
358 1733 524 1787 scripsit
554 1733 838 1774 Gasaubonus.

764 1886 839 1927 Xl.

298 1992 495 2040 ’Ἅπασα
524 1996 610 2054 γὰρ
640 1995 879 2053 ποθοῦμεν
907 1994 934 2050 ἡ
965 1993 1112 2048 κλεινὴ
1144 1993 1284 2047 πόλις.

166 2115 363 2157 Tiberius
391 2114 538 2156 rhetor
568 2115 625 2156 47
656 2128 698 2169 p.
729 2116 808 2156 θῦε
843 2110 966 2169 παρὰ
996 2110 1043 2153 δὲ
1072 2108 1177 2161 τοὺς
1205 2106 1435 2167 ἀριθμοὺς
1464 2108 1543 2154 ἀλ-

56 2180 248 2238 λοίωσις,
274 2181 333 2234 ὥς
363 2183 472 2239 παρ’
502 2181 724 2227 Εὐπόλιδι
751 2184 799 2226 ἐν
828 2180 995 2239 Δήμοις
1024 2176 1221 2226 “Anava
1250 2181 1335 2240 γὰρ
1365 2184 1543 2225 ποθου-

52 2253 163 2310 μένη
192 2253 339 2306 κλεινὴ
378 2255 516 2305 πολις.
576 2256 650 2297 καὶ
679 2254 802 2311 παρὰ
832 2254 1139 2308 Δημοσθένει,
1169 2251 1292 2310 ὑμεῖς
1319 2243 1355 2295 ὦ
1387 2251 1543 2308 βουλή.

53 2327 228 2371 Correxi
265 2333 314 2369 ut
349 2341 476 2382 supra
514 2328 716 2382 adscripsi
755 2327 808 2369 ad
847 2328 1036 2382 Euphor.
1066 2342 1109 2382 p.
1139 2329 1210 2369 92.
1279 2328 1387 2369 Sunt
1424 2327 1542 2369 chori

51 2400 180 2441 verba
217 2399 413 2442 afflictam
453 2401 660 2442 civitatem
701 2400 753 2441 ad
792 2399 1010 2441 meliorem
1058 2411 1201 2441 rerum
1251 2398 1540 2440 condicionem

49 2471 214 2512 restitui
242 2471 532 2513 ardentissime
561 2471 783 2526 cupientis.
845 2470 1054 2512 Intellexit
1081 2471 1163 2512 hoc
1191 2469 1376 2523 Raspius
1406 2483 1447 2524 p.
1467 2469 1540 2511 59.

48 2542 115 2584 Ex
143 2543 289 2583 eadem
319 2542 485 2585 fabulae
499 2549 619 2598 parte
650 2543 818 2584 ductum
843 2541 1007 2583 videtur
1028 2542 1312 2596 fragmentum
1342 2553 1541 2594 sequens,

51 2624 132 2666 quo
169 2619 314 2668 optare
354 2615 519 2658 videtur
559 2614 713 2657 chorus
751 2618 799 2655 ut
837 2614 954 2657 novis
996 2613 1231 2667 respublica
1269 2611 1537 2655 incrementis

51 2689 258 2737 augescat.
