1786 3210
434 178 724 222 II'ERMIPPI
756 174 1027 224 ΑΘΗΝΛΣ
1053 172 1262 219 ΓΟΝΑΙ.
1495 179 1579 223 881

89 293 228 347 attigit
267 294 416 336 Cicero
459 295 511 336 N.
542 294 593 335 D.
624 293 641 334 1
677 293 720 335 8.
795 291 984 333 Eandem
1024 291 1327 332 correctionem
1367 304 1478 335 nunc
1513 293 1578 336 fe-

91 365 150 406 cit
187 365 314 406 etiam
346 366 428 407 Th.
467 365 672 418 Bergkius
711 363 945 403 Comment.
975 376 1016 415 p.
1046 361 1145 402 308.
1199 386 1257 393 —-
1314 362 1387 404 Vs.
1417 364 1445 403 3
1489 364 1577 407 for..

90 440 203 476 tasse
241 442 425 489 praestat
464 433 549 489 γῆν
583 429 643 474 θ’
672 428 993 484 ἁπαξάπασαν.
1052 458 1108 464 ——
1165 432 1238 474 Vs.
1269 430 1297 472 5
1347 429 1403 472 τὸ
1430 433 1576 489 σῶμα.

90 507 340 560 Opportune
369 507 574 559 Bergkius
604 506 820 545 admonuit
848 503 1052 545 Heracliti
1090 503 1274 556 tempori
1314 516 1466 557 corpus
1503 508 1577 548 tri-

87 579 255 620 buentis
286 579 396 632 apud
413 579 584 618 Sextum
599 578 721 630 Emp.
752 577 842 617 adv.
874 575 1057 616 math.X
1086 572 1184 614 231.
1214 600 1269 607 —
1300 575 1415 617 Vs.6
1444 578 1577 632 Berg-

88 650 181 690 kius
211 645 414 691 παύεται.
483 649 644 690 Ibidem
684 643 753 687 δι’
785 643 950 702 ἡμέρας
979 643 1197 700 ὁσημέραι
1226 659 1310 687 non
1340 652 1405 687 est
1435 651 1575 702 quoti-

87 721 182 770 die,
220 724 268 761 ut
296 722 595 774 interpretatus
634 724 697 760 est
728 719 992 767 Heerenius,
1033 717 1108 758 sed
1139 712 1577 775 quotidie'totumque

82 805 165 845 per
194 792 322 833 diem.
382 794 433 835 V.
463 793 516 833 ad
547 791 827 832 Menandrum
858 804 900 844 p.
933 789 1029 830 183.

807 914 860 954 ΙΙ.

292 995 385 1049 Τὴν
413 999 495 1053 μὲν
524 993 751 1039 διάλεκτον
778 997 855 1038 καὶ
884 993 934 1036 τὸ
966 991 1207 1051 πρόσωπον
1234 993 1400 1052 ἀμνίου

284 1080 398 1138 ἔχειν
426 1082 578 1135 δοκεῖς,
610 1080 666 1123 τὰ
696 1077 748 1122 δ’
780 1080 910 1124 ἔνδον
938 1076 1070 1123 οὐδὲν
1099 1081 1324 1140 διαφέρεις

285 1164 538 1225 δράκοντος.

198 1284 381 1336 Etymol.
413 1283 473 1323 M.
505 1297 547 1336 p.
568 1283 653 1323 240
682 1282 760 1322 25:
791 1275 948 1334 ἄμνιος
978 1276 1188 1335 σημαίνει
1217 1278 1296 1322 τὸν
1323 1277 1467 1336 ἀμνὸν
1495 1280 1573 1322 καὶ

85 1349 162 1393 διὰ
191 1351 271 1394 τοῦ
301 1352 330 1394 ι’
359 1348 577 1407 γράφεται
601 1351 676 1392 καὶ
706 1348 1110 1406 προπαροξύνεται·
1141 1350 1200 1402 ὥς
1230 1348 1571 1410 παροὶῘΕρμὶπ-

85 1437 153 1481 my
182 1423 229 1464 ἐν
255 1421 466 1475 Ἀθηνᾶς
496 1423 646 1478 γοναῖς
683 1421 776 1473 Τὴν
803 1425 886 1476 μὲν
916 1419 1144 1466 διάλεκτον
1172 1424 1265 1468 κτλ.
1297 1427 1445 1469 Latine
1472 1426 1570 1468 red-

83 1497 189 1538 didit
219 1497 391 1537 Grotius
424 1497 645 1549 Excerptis
676 1509 716 1548 p.
747 1495 857 1536 524:

263 1567 318 1608 Os
349 1570 456 1623 agni
483 1568 637 1608 habere
666 1573 714 1607 tu
745 1567 913 1621 quidem
943 1572 1072 1622 atque
1102 1569 1193 1608 ovis
1221 1581 1369 1609 sonum

260 1639 454 1681 Videris.-
482 1645 531 1681 at
562 1641 679 1680 intus
708 1638 774 1679 nil
802 1651 1035 1680 venenosae
1065 1645 1263 1681 excetrae

254 1710 430 1765 Differa-

259 1776 263 1781 '
719 1794 794 1835 111.
855 1794 926 1836 lv.

199 1878 592 1938 Κτιιροσπάθητον
621 1879 802 1929 ἀνθέων
829 1875 1020 1939 ὕφασμα
1049 1881 1206 1927 καινὸν
1229 1882 1397 1945 Ὠρῶν.

194 1966 398 2018 Λεπτούς
428 1966 739 2025 διαψαίρουσα
773 1967 965 2018 πέπλους
994 1965 1177 2011 ἀνθέων
1202 1970 1432 2025 γέμοντας.

194 2083 497 2125 Grammaticus
527 2085 708 2126 Bekkeri
738 2085 896 2127 Anecd.
928 2098 968 2138 p.
983 2085 1069 2126 4⁰4
1098 2086 1153 2127 27
1186 2090 1228 2126 et
1257 2083 1405 2127 Suidas
1434 2085 1516 2127 vol.
1546 2086 1565 2128 1

68 2165 122 2205 Ap.
153 2152 239 2193 443
267 2155 424 2196 Bernh.
454 2149 687 2198 Ἀνθέωνε
718 2154 800 2205 τὴν
829 2153 1003 2208 γενικὴν
1032 2152 1195 2210 ὁμοίως
1223 2156 1315 2204 τοῖς
1336 2152 1494 2197 Ἴωσιν
1521 2154 1567 2196 οἱ

78 2216 293 2264 Ἀττικοί.
364 2218 622 2279 ’Ἕρμιππος
654 2223 865 2276 Ἀθηνᾶς
904 2228 1054 2278 γοναῖς
1101 2223 1471 2281 Κηροσπάθητον
1507 2252 1564 2260 —-

73 2288 243 2347 ’.Ωρῶν.
273 2292 348 2333 καὶ
378 2293 425 2334 ἐν
455 2295 545 2344 τοῖς
573 2293 668 2346 ἑξῆς
696 2293 898 2344 Λεπτοὺς
927 2293 1236 2351 διαψαίρουσα
1262 2295 1352 2337 κτλ.
1403 2298 1561 2351 Scripsi

77 2359 451 2417 καιροσπάθητον
488 2381 564 2420 pro
595 2362 949 2420 κηροσπάθητον
991 2381 1084 2408 cum
1115 2369 1279 2422 Toupio
1314 2369 1491 2410 Emend.
1523 2369 1564 2410 11

34 2433 37 2436 ”
78 2450 116 2489 p.
156 2436 254 2486 482,
292 2437 357 2477 cui
395 2438 572 2490 praeivit
611 2439 836 2479 Piersonus
875 2440 926 2479 ad
963 2439 1191 2480 Herodian.
1234 2453 1274 2492 p.
1306 2439 1390 2479 456
1425 2435 1564 2497 καὶρῳ

76 2502 324 2556 σπαθητὸν
366 2509 608 2550 coniiciens.
677 2510 937 2551 Adiectivum
969 2511 1159 2550 similiter
1189 2512 1462 2564 compositum
1492 2508 1563 2551 λε-

77 2571 408 2627 πτοσπάθητον
439 2579 593 2632 legitur
622 2581 664 2620 iu
697 2595 817 2622 versu
849 2586 999 2635 poetae
1030 2581 1175 2634 tragici
1206 2582 1315 2634 apud
1349 2583 1560 2626 Plutarch.

77 2646 246 2698 quaest.
277 2660 395 2690 conv.
415 2650 471 2691 Vl
504 2651 543 2690 6.
596 2651 656 2691 De
685 2651 836 2706 καῖρος
865 2653 958 2693 vide
975 2652 1278 2694 Schneiderum
1298 2653 1388 2694 l'nd.
1407 2654 1559 2708 Script.

76 2714 132 2756 R.
162 2715 214 2757 R.
244 2730 285 2770 p.
316 2720 413 2760 378.
485 2720 532 2761 In
571 2722 654 2762 fine
692 2736 837 2764 versus
874 2736 1000 2776 quum
1027 2723 1150 2776 vulgo
1189 2723 1402 2776 legeretur
1432 2721 1558 2778 ὁρῶν,

75 2786 189 2827 varie
219 2787 262 2828 id
291 2801 316 2829 a
341 2781 501 2832 criticis
531 2795 735 2836 tentatum
767 2799 852 2845 est,
893 2806 1069 2847 quorum
1099 2794 1358 2837 coniecturae
1388 2796 1558 2849 collegit
