1786 3210
258 184 343 229 586
410 234 412 236 ¹
834 184 1155 228 PHRYNlcffl

259 301 311 342 lis
339 299 475 354 poetis
496 304 539 340 et
560 299 710 341 invidis
738 300 905 342 laudum
938 300 1028 341 eius
1059 299 1408 342 obtrectatoribus
1436 302 1516 355 ipsi
1544 303 1733 345 inditum.

258 371 420 422 Sumus,
441 363 658 425 “’ομηρος,
687 366 711 411 ὁ
741 368 922 418 Σέλλιος
945 366 1238 425 χρηματίσας.
1290 371 1345 413 Et
1375 372 1455 414 alio
1485 373 1577 415 loco
1607 375 1733 426 idem,

256 439 438 490 Σέλλιος
464 436 495 492 ἢ
524 438 703 490 Σέλλιος
733 443 787 493 *)‚
819 435 843 480 ὁ
873 440 949 481 καὶ
971 434 1183 497 “Ὀμηρος.

890 609 907 621 ..
957 616 1037 621 ,ρῇ-
1056 616 1139 621 ..m-⁷.

548 763 1434 821 Κ-ΩΜΑΣΤΑ1.*·)

970 892 1001 933 1.

359 963 475 1015 Εἶτα
504 968 755 1030 κεραμεύων
784 969 841 1015 ἂν
869 973 982 1017 οἴκοι
1011 972 1252 1033 σωφρόνως
1286 973 1617 1030 Χαιρέστρατος

359 1056 516 1101 ἑκατὸν
544 1054 602 1100 ἂν
629 1057 708 1110 τῆς
735 1057 900 1116 ἡμέρας
928 1058 1054 1103 ἔκαεν
1082 1061 1206 1103 οἴνου
1232 1056 1504 1117 κανθάρους.

363 1174 605 1216 Athenaeus
635 1174 694 1215 IX
724 1188 765 1228 p.
795 1175 936 1217 4741).
975 1176 1028 1217 de
1058 1175 1209 1228 poculo
1239 1167 1470 1229 κάνθαρος
1501 1174 1613 1215 dicto
1642 1173 1727 1215 dis·

249 1258 417 1287 serens=
452 1239 670 1298 Φρύνιχος
700 1243 975 1298 Κωμασταῖς
1013 1236 1126 1285 Εἶτα
1154 1239 1405 1300 κεραμεύων
1435 1242 1529 1287 κτλ.
1595 1244 1670 1288 Vs·
1697 1244 1723 1284 1

247 1321 344 1358 ante
372 1304 469 1355 εἶτα
499 1316 532 1356 Β
565 1316 679 1356 addit
705 1305 815 1373 ρῖπε.
853 1318 957 1359 lbid.
978 1310 1034 1356 ἂν
1063 1314 1175 1356 οἴκοι
1205 1315 1455 1357 Letronuius
1471 1317 1643 1358 Dissert.
1673 1316 1727 1357 de

246 1388 481 1431 nominibus
511 1399 594 1428 vae.
624 1400 763 1440 graec.
793 1401 836 1442 p.
866 1374 934 1429 256.
1002 1388 1139 1442 Vulgo
1174 1381 1252 1427 ἐὰν
1281 1384 1397 1443 οἴκῳ.
1454 1388 1491 1429 A
1523 1398 1581 1426 αν
1608 1383 1725 1443 οἴκῳ.

246 1457 545 1500 Grotefendius
575 1461 617 1498 et
647 1458 858 1501 Porsonus
887 1456 934 1498 ἐν
963 1455 1080 1515 οἴκῳ.
1142 1459 1251 1500 Tum
1281 1458 1583 1512 Th.Bergkius
1601 1459 1726 1500 Com-

245 1533 375 1570 ment.
403 1542 446 1582 p.
476 1529 560 1568 366
589 1542 666 1583 pro
696 1525 937 1584 σωφρόνως
967 1529 1146 1571 coniecit
1174 1523 1432 1583 Σώφρονος.
1478 1554 1536 1562 --
1591 1530 1665 1572 Vs.
1695 1530 1724 1570 2

243 1593 300 1639 ἂν
328 1599 488 1640 addidit
516 1599 758 1642 Erfurdtius
790 1602 963 1642 Observ.
992 1601 1036 1641 in
1067 1599 1219 1642 Athen.
1249 1612 1291 1652 p.
1307 1599 1406 1639 467.
1438 1598 1501 1640 De
1529 1599 1613 1640 hoc
1642 1611 1722 1641 usu

243 1670 471 1725 particulae
502 1663 559 1709 ἂν
587 1671 651 1712 cfr
667 1671 878 1712 Porsonus
907 1671 960 1712 ad
977 1672 1091 1712 Med.
1107 1671 1207 1712 412.
1242 1667 1320 1718 τῆς
1349 1663 1514 1722 ἡμέρας
1541 1668 1724 1724 singulis

245 1742 407 1784 diebus.
450 1741 609 1783 Ibidem
641 1737 767 1781 ἔκαεν
795 1742 1067 1783 Letronniusz
1096 1741 1192 1781 libri
1220 1736 1402 1782 ἔκλαιεν.
1434 1739 1550 1781 Idem
1578 1743 1726 1792 postea

243 1812 423 1854 coniecit
460 1812 680 1866 Bergkius.
738 1812 915 1853 Sensum
957 1812 1038 1852 loci
1076 1814 1192 1852 recte
1228 1812 1377 1864 opinor
1417 1810 1612 1863 explicuit
1642 1810 1724 1850 Le-

242 1883 446 1924 tronnius.
514 1883 595 1932 „Je
625 1887 757 1936 pense
786 1897 883 1937 que,
915 1884 1016 1923 dans
1045 1883 1107 1922 les
1139 1895 1232 1922 vers
1262 1882 1333 1934 qui
1362 1880 1590 1934 precedent
1619 1892 1724 1922 ceux

242 1952 506 2008 qni’Athenee
535 1966 641 1994 nous
671 1967 696 1994 a
724 1955 931 2003 trausmis,
962 1967 1014 1994 on
1038 1953 1187 2006 parlait
1215 1953 1267 1992 de
1297 1952 1477 2005 quelque
1507 1950 1723 1992 debauche

242 2025 296 2066 de
326 2024 464 2078 potier
494 2023 784 2075 cherestato,
815 2029 857 2066 et
887 2026 940 2065 de
971 2025 1010 2064 la
1041 2023 1247 2065 necessite
1276 2019 1331 2063 ou
1359 2023 1390 2062 il
1419 2019 1556 2063 s’etait‘
1582 2034 1636 2062 vu
1667 2021 1721 2062 de

241 2105 448 2149 regagner
472 2106 547 2146 par
575 2105 631 2134 un
663 2096 807 2135 travail
824 2095 1028 2148 opinizitre
1041 2095 1102 2145 (2²)
1117 2094 1292 2146 l'argent
1312 2091 1410 2145 qu'il
1430 2092 1539 2133 avait
1560 2091 1722 2145 perdu3

242 2179 298 2208 on
328 2164 504 2219 ajoutait
533 2164 661 2206 douc:
698 2168 864 2207 ensuite
898 2165 1187 2214 Ghe'restrate,
1223 2162 1479 2204 travaillant
1516 2174 1618 2202 avec
1647 2175 1719 2202 αε-

241 2236 404 2279 auiditas
432 2235 541 2275 dans
579 2249 629 2276 sa
664 2239 855 2286 maison,
897 2236 1072 2277 mettait
1102 2247 1161 2275 aa
1179 2236 1284 2287 seu,
1312 2234 1583 2287 fabriquait,
1623 2238 1720 2274 cent
1785 2275 1786 2295 ἢ

243 2320 395 2361 coupes
416 2319 504 2360 par
521 2306 677 2360 jour.”
707 2308 905 2348 Ceterum
934 2305 1047 2346 haud
1076 2305 1292 2358 indiguum
1322 2308 1553 2345 memoratu
1584 2303 1720 2345 Chae·
1785 2298 1786 2308 ³

241 2378 422 2428 restrati,
463 2378 583 2430 figuli
623 2377 808 2425 Adriani,
853 2388 1003 2417 nomen
1035 2388 1278 2429 comparere
1317 2376 1360 2416 in
1401 2375 1568 2432 vasculo
1610 2374 1720 2427 apud

242 2450 441 2493 Lanzium
480 2448 656 2498 (Giorn.
686 2448 726 2488 d.
757 2447 845 2487 lett.
875 2447 961 2487 ital.
994 2446 1094 2487 Pad.
1127 2447 1179 2488 Τ.
1211 2446 1288 2488 ΧΧ
1314 2460 1356 2500 p.
1388 2446 1501 2498 181)
1541 2444 1720 2501 Phryni-

244 2520 327 2563 chii
356 2519 580 2572 fragmenti
609 2518 722 2559 haud
751 2518 1051 2558 immemorem.

336 2665 373 2710 ¹⁶²)
405 2667 457 2700 Ita
487 2676 551 2711 pro
575 2662 721 2700 Σελλεὺς
754 2662 855 2697 etiam
889 2661 1035 2700 Σιλλεὺς
1062 2662 1190 2696 dictum
1223 2674 1300 2697 esse
1335 2662 1426 2696 idem
1454 2661 1579 2696 Suidas
1607 2660 1720 2703 docet,

245 2723 409 2764 Σιλλεύς;
434 2725 548 2769 ὄνομα
573 2723 706 2768 κύριον.

318 2786 369 2830 ”)
392 2786 433 2821 V.
459 2785 549 2820 Hist.
573 2784 649 2818 crit.
674 2796 708 2828 p.
734 2783 811 2819 155.
