1786 3210
270 161 356 205 576
853 164 1158 209 EUPOLIDIS

272 276 518 318 Salmasium
559 277 612 319 ad
647 277 883 332 Scriptores
924 279 1034 320 Hist.
1078 281 1186 333 Aug.
1219 279 1258 320 11
1299 293 1340 334 Ρ.
1368 281 1465 323 836.
1525 300 1580 310 -—-
1642 274 1779 330 Idem}

270 361 313 402 Ρ.
343 348 427 388 539
458 348 526 390 15.
557 343 819 400 Στοιβήνε
846 344 906 397 ὥς
933 345 1056 405 ἡμεῖς
1085 345 1137 389 τὸ
1167 344 1498 406 ἀναπλήρωμα·
1525 352 1602 393 καὶ
1629 342 1786 397 δια-1.,

272 414 517 472 κόλλημα
558 415 609 459 τὸ
651 415 761 459 αὐτὸ
799 417 946 462 τοῦτο.
1004 417 1211 469 Εὔπολις.
1271 448 1326 455 -—-
1387 424 1503 466 Idem
1533 437 1575 478 Ρ.
1604 424 1689 467 538
1717 428 1758 470 6.

272 488 318 530 Σ
329 487 493 543 υνεχῶ
502 504 545 538 ςε
588 487 639 530 οὐ
670 487 866 542 πυκναῖς,
896 486 995 532 ἀλλ’
1027 487 1345 540 ἀδιαλείπτως·
1385 487 1523 542 οὕτως
1552 490 1760 545 Εὔπολις.

274 587 330 595 -—
371 562 487 602 Idem
520 576 560 615 Ρ.
591 562 677 603 598
710 564 777 604 12.
829 557 1068 619 Τρασιάε
1107 553 1160 601 οὗ
1197 559 1254 602 τὰ
1293 560 1406 604 σῦκα
1443 562 1645 620 ψύχεται.
1683 560 1762 608 οὕ-

272 645 358 680 τως
387 628 594 681 Εὔπολις.

905 719 938 760 C
947 717 983 758 X
992 718 1122 761 XXV.

382 804 545 854 Suidas,
571 798 997 860 Ἀδραμύτειον.
1038 795 1176 851 οὕτως
1204 799 1410 854 Εὔπολις.
1470 807 1546 847 καὶ
1571 803 1752 864 Ἀδρα-

268 868 477 928 μυτηνός.
513 871 788 926 Θουκυδίδης
824 869 1187 930 Ἀτραμύττειον.
1245 875 1386 918 Schol.
1413 878 1670 933 Thucydidis
1697 881 1750 932 V,

270 947 294 986 1
324 960 375 987 ex
406 948 513 987 Oro:
549 941 999 1002 Ἀδραμύττειον
1035 940 1242 994 Εὔπολις.
1301 949 1425 1001 Apud
1456 943 1748 1004 Thucydidem

270 1016 400 1058 hodie
432 1018 571 1058 editur
597 1012 943 1072 Ἀτραμύττιον.
990 1017 1064 1059 Csr
1080 1019 1132 1058 de
1152 1018 1273 1059 variis
1301 1018 1424 1060 huius
1454 1023 1630 1063 nominis
1660 1022 1752 1063 for-

268 1089 346 1130 mis
378 1102 480 1142 quos
513 1090 795 1131 Bernhardius
835 1090 958 1131 affert
987 1089 1244 1142 Stephanum
1275 1091 1374 1142 Byz.
1408 1095 1449 1131 et
1478 1093 1750 1134 Euntathium

269 1159 322 1200 ad
351 1160 467 1202 Iliad.
499 1153 535 1209 ζ’
565 1174 607 1214 p.
640 1162 724 1202 649
755 1162 822 1203 cll.
855 1163 1067 1203 Creuzero
1099 1161 1151 1200 ad
1181 1161 1349 1214 Fragm.
1379 1162 1535 1204 Xanthi
1559 1177 1606 1225 Ρ.
1625 1163 1724 1204 198.

721 1283 936 1325 CXXXVI
966 1308 1020 1316 --
1048 1282 1320 1325 CXXXVIII.

381 1368 544 1418 Suidas,
579 1361 894 1422 Ἀναρρύειε
933 1361 1036 1406 ἀντὶ
1065 1365 1145 1407 τοῦ
1174 1363 1282 1408 θύει
1311 1367 1386 1409 καὶ
1417 1363 1618 1426 σφάττει.
1660 1363 1751 1410 Εὕ-

266 1436 406 1487 πολις.
467 1438 542 1479 καὶ
569 1433 596 1489 ἡ
627 1435 777 1479 θυσία
807 1436 854 1478 δὲ
882 1433 1135 1494 ἀνάρρυσις.
1181 1466 1238 1474 »-
1283 1441 1401 1481 Idem
1438 1437 1749 1495 Ἀναγχιπ-

267 1513 410 1550 πεῐνε
447 1505 551 1550 ἀντὶ
588 1508 668 1550 τοῦ
703 1504 803 1563 μετ’
836 1504 1029 1563 ἀνάγκης
1071 1507 1281 1553 ἱππεύειν.
1316 1507 1527 1559 Εὔπολις.
1586 1513 1747 1554 Eadem

267 1583 465 1623 Zonaras.
495 1606 553 1613 -
589 1582 706 1623 Idem
729 1576 1295 1622 Ἀποκαθεύδουσιν;
1327 1580 1427 1622 ἀντὶ
1456 1579 1536 1622 τοῦ
1565 1577 1747 1623 ἀποκοι-

265 1650 436 1695 τοῦσιν.
464 1647 672 1700 Εὔπολις.
732 1651 932 1692 τουτέστι
972 1653 1158 1704 γυναῖκα
1183 1649 1455 1708 χωρίζεσθαι
1483 1648 1644 1708 ἀνδρὸς
1670 1653 1748 1694 καὶ

268 1718 576 1778 ἀφίστασθαι.
644 1725 695 1767 V.
730 1725 910 1766 Bekkeri
939 1725 1096 1767 Anecd.
1127 1737 1168 1778 Ρ.
1198 1725 1284 1766 428
1323 1729 1365 1766 et
1394 1726 1600 1767 Zonaram
1643 1726 1745 1768 LeX.

267 1809 306 1837 v.
338 1791 751 1837 ἆποκαθεύδουσιν.

762 1919 977 1961 CXXXIX
1010 1942 1060 1948 —-
1093 1918 1259 1960 CXLII.

378 2006 541 2057 Suidas,
578 2001 1045 2054 Ἀνεπίπληκτοςε
1084 1994 1120 2060 ᾧ
1148 1999 1291 2051 οὐδεὶς
1319 2000 1575 2053 ἐπιπλήττει
1601 1999 1759 2058 duay:

265 2071 459 2119 τάνοντι.
488 2072 697 2124 Εὔπολις.
756 2077 915 2117 Eadem
947 2075 1248 2116 Grammaticus
1277 2075 1457 2115 Bekkeri
1486 2088 1528 2128 Ρ.
1559 2076 1657 2116 398.
1687 2101 1744 2108 ·—

267 2147 399 2197 Idem,
429 2145 677 2202 Γέρροινε
704 2144 776 2187 ἐπὶ
807 2143 1001 2200 σταυροῦ
1031 2156 1169 2198 φησιν
1198 2140 1405 2193 Εὔπολις.
1463 2147 1648 2199 Etymol.
1679 2147 1740 2187 M.

265 2231 307 2272 Ρ.
324 2219 407 2259 228
436 2219 512 2259 32:
543 2216 616 2258 ἐπὶ
646 2214 841 2272 σταυροῦ
869 2214 915 2256 δὲ
948 2214 1117 2271 (γέρρα)
1142 2215 1284 2270 φησὶν
1301 2211 1506 2264 Εὔπολις.
1539 2243 1594 2250 --
1623 2218 1741 2258 Idem

265 2287 675 2342 Κομμοῦσθαιῑ
705 2284 1069 2337 καλλωπίζεσθαι
1113 2282 1322 2335 Εὔπολις.
1353 2314 1408 2322 —
1439 2290 1623 2329 Zonaras
1639 2289 1738 2329 LeX.

265 2373 308 2414 Ρ.
339 2361 438 2402 917.
467 2356 696 2402 Εὐκτόνε
735 2353 1033 2414 ἐπιθυμητόν.
1077 2357 1154 2397 καὶ
1181 2354 1375 2407 Εὔπολις
1403 2353 1741 2399 εὐκτότατον

266 2425 453 2486 γάμοἋ
