1786 3210
643 183 982 228 ΤΥΡΑΝΝΙΣ.
1465 190 1551 251 32⁵
1597 194 1599 196 “

65 291 309 351 γάστριδας
340 299 426 341 VL.
479 301 674 342 omittunt
713 302 747 342 C
785 303 827 340 et
863 295 1124 340 Euatathius.
1186 300 1397 342 Pol-sonus
1443 302 1546 345 Ad'v.

62 381 106 422 p.
137 369 222 410 127
250 365 554 425 ἐγγάστριδας,
583 365 802 426 ςγαυίᾱαέ,
833 371 945 423 quod
974 371 1040 411 vix
1070 374 1226 424 aptum.
1286 372 1376 411 Nec
1406 376 1545 415 tamen

63 451 145 491 qua
174 440 362 494 analogia
389 439 679 497 γαστροιΐδας
707 443 816 482 tueri
847 442 970 482 liceat
999 442 1221 494 perspicio.
1269 441 1544 483 Scribendum

62 510 229 563 videtur
274 508 576 567 γαστροίὸεας.
650 513 897 554 Eustathius
942 512 995 553 ad
1042 512 1193 565 Odyss.
1237 525 1279 565 p.
1311 513 1423 552 1684
1465 514 1544 553 28:

39 573 243 635 ἐὕρηται
262 579 383 636 παρὰ
405 583 496 632 τοῖς
526 581 734 631 παλαιοῖς
763 582 840 624 καὶ
868 578 1079 637 ἰσχιοίό
1091 595 1149 632 ης
1178 577 1202 621 ὁ
1218 575 1388 636 μεγάλα
1420 576 1543 636 ἰσχία

62 647 192 705 ἔχων·
231 645 347 693 οὕτω
377 653 424 695 δὲ
453 654 530 695 καὶ
559 669 623 707 γα
638 650 947 709 στροοίδης
984 655 1121 704 (corr.
1152 644 1450 709 γαστροίδης)
1478 666 1544 702 τις

57 721 256 763 καλεῖται
301 719 387 765 ὑπὸ
434 721 675 776 Ἀττικῶν,
727 724 803 766 καὶ
859 720 1114 779 ω’μοίδης
1165 723 1242 764 καὶ
1297 721 1542 774 πεοίδης.

57 795 258 836 Eiusdem
305 797 471 850 generis
522 801 587 836 est
625 793 880 850 χελυνοίδης
930 797 1043 837 labio
1093 785 1204 849 apud
1253 796 1540 849 Phrynichum

57 865 189 906 Bekk.
218 879 261 919 p.
289 868 346 907 72
385 869 455 908 26.
522 867 607 908 Sed
646 868 802 909 haereo
840 868 1026 908 nonnihil
1063 868 1105 907 in
1145 867 1281 907 soluta
1316 867 1541 907 accusativi

55 935 204 986 forma,
234 950 482 991 quamquam
513 932 700 990 ἡμίσεας
729 943 774 980 et
801 952 932 992 pauca
963 938 1043 978 alia
1074 938 1262 978 eiusdem
1291 938 1457 991 generis
1487 938 1538 978 ab

54 1007 204 1053 Atticis
244 1008 326 1048 dici
361 1022 429 1049 me
467 1022 549 1050 non
588 1009 710 1063 sugit.
780 1011 852 1052 Vs.
884 1011 910 1049 6
960 1003 1040 1048 οὐκ
1070 1034 1126 1040 ——
1156 1003 1276 1048 αὕθ’
1306 1022 1389 1050 om.
1421 1010 1455 1050 C
1494 1012 1539 1050 et

54 1077 309 1119 Eustathius.
340 1073 580 1132 πόρρωθεν
610 1094 663 1120 ω·
691 1081 919 1134 longinquo
947 1094 1036 1120 rem
1062 1075 1213 1132 (αὖτὸ)
1242 1081 1310 1120 ita
1339 1081 1530 1120 instuen-

51 1151 118 1188 tes
146 1153 196 1189 ut
215 1149 447 1202 plurimum
475 1152 569 1191 vini
598 1151 738 1191 bibere
757 1153 944 1205 possint.
1003 1176 1060 1182 --
1119 1151 1192 1193 Vs.
1221 1152 1250 1192 7
1288 1144 1407 1189 αὕθ’
1436 1151 1537 1191 Din-

54 1218 213 1260 dorfiua
242 1233 318 1273 pro
348 1209 484 1264 αὖθ’.
555 1222 663 1263 lbid.
690 1216 1008 1274 ἀνεκλογίστως
1046 1221 1159 1262 idem
1190 1221 1285 1261 fere
1316 1221 1429 1275 quod
1459 1215 1536 1261 ἄν·

51 1286 316 1342 εξελέγκτως.
346 1313 402 1320 —-
431 1293 504 1335 Vs.
536 1294 591 1333 10
622 1306 672 1332 ex
702 1298 820 1346 parte
851 1294 950 1334 citat
979 1293 1222 1334 Athenaeus
1251 1292 1288 1332 X
1319 1305 1361 1345 p.
1384 1292 1534 1334 460oe

50 1359 128 1400 καὶ
172 1357 445 1417 Φερεκράτης
494 1361 541 1402 ἐν
585 1359 826 1416 Τυραννίδι
868 1359 1092 1417 Κρείττων
1128 1348 1203 1416 μί’
1245 1359 1339 1402 ἐστὶ
1380 1357 1537 1416 χιλίων

51 1443 288 1488 ποτηριων.

766 1547 820 1587 11.

196 1630 404 1677 Κᾶπειθ’
436 1630 514 1676 ἵνα
542 1632 604 1689 μὴ
636 1632 744 1691 πρὸς
770 1636 889 1677 τοῖσι
909 1633 1085 1692 βωμοῖς
1114 1632 1346 1689 πανταχοῦ

190 1717 258 1760 ἀεὶ
286 1718 496 1774 λοχῶντες
525 1716 775 1776 βωμολόχοι
803 1716 1067 1775 καλώμεθα,

129 1803 131 1805 ’
193 1801 400 1856 ἐποίησεν
429 1802 454 1846 ὁ
486 1802 907 1858 Ζεὺςκαπνοδὸκην
934 1802 1131 1861 μεγάλην
1161 1799 1290 1846 πάνυ.

161 1920 440 1974 Harpocratio
471 1934 513 1974 p.
544 1922 600 1962 47
630 1922 682 1962 3:
731 1917 905 1976 Κυρίως
955 1918 1155 1972 ἐλέγοντο
1201 1913 1451 1972 βωμολόχοι
1486 1913 1531 1956 οἱ

48 1988 121 2031 ἐπὶ
149 1989 236 2031 τῶν
264 1988 445 2032 θυσιῶν
474 1986 560 2032 ὑπὸ
589 1988 691 2040 τοὺς
712 1988 887 2046 βωμοὺς
916 1988 1177 2040 καθίζοντες
1204 1987 1280 2029 καὶ
1309 1984 1425 2043 μετὰ
1452 2000 1530 2028 κο-

47 2058 225 2110 λακείας
268 2060 624 2116 προσαιτοῦντες.
673 2049 745 2103 κέτι
792 2061 837 2102 ὁὲ
874 2062 948 2104 καὶ
986 2061 1030 2102 οὶ
1073 2055 1532 2113 παραλαμβανόμενοι

48 2133 146 2181 ταῖς
173 2130 360 2182 θυσίαις
391 2130 580 2184 αὐληταί
608 2147 652 2174 τε
682 2133 758 2175 καὶ
787 2129 977 2189 μάντεις.
1041 2126 1314 2185 Φερεκράτης
1350 2130 1527 2184 Τυραν-

48 2201 160 2244 νίδι·
197 2200 407 2244 Κᾶπειθ-’
434 2199 511 2245 ἵνα
547 2203 609 2258 μὴ
647 2203 739 2247 κτλ.
814 2208 938 2249 Vs.'l
986 2205 1080 2244 libri
1115 2203 1211 2243 fere
1245 2202 1321 2242 καὶ
1359 2198 1523 2242 ἔπειτα.

48 2277 260 2317 Pon-sonus
295 2275 346 2315 ad
384 2276 541 2316 Phoen.
574 2277 685 2316 1422
727 2271 901 2318 ἔπειθ’.
970 2276 1080 2314 Τυηι
1120 2273 1235 2313 τοῖσι
1284 2275 1526 2314 Maussacus

0 2373 3 2376 ›
47 2360 123 2402 pro
171 2345 277 2393 τοῖς.
345 2345 426 2386 Pro
467 2343 631 2399 βωμοῖς
670 2347 751 2387 duo
792 2346 912 2386 codd.
954 2345 1089 2390 ναοῖς.
1161 2331 1295 2385 νὲτειι
1339 2343 1524 2383 secundo

46 2412 310 2470 καλούμεθα
351 2418 442 2458 cod.
474 2419 521 2458 G.
589 2419 719 2458 Deum
764 2418 967 2470 quendam
1008 2416 1114 2455 haec
1152 2415 1265 2466 loqui
1313 2413 1525 2455 annotavit

46 2490 261 2532 Dobraeua
291 2489 394 2530 Adv.
429 2489 445 2528 1
476 2502 516 2541 p.
548 2489 644 2530 586.

753 2601 827 2642 111.

180 2672 291 2737 ‘Ay'
323 2681 501 2739 άράχνι’
531 2678 677 2740 ὥσπερ
708 2685 803 2734 ταῖς
834 2680 1037 2725 σιπὺαισι
1067 2684 1162 2730 ταῖς
1191 2683 1354 2734 κεναῖςς

163 2787 312 2828 Suidas
343 2801 379 2829 v.
406 2783 571 2843 ἀράχνῃ
602 2789 682 2830 vol.
716 2789 731 2829 1
765 2803 804 2842 p.
835 2788 940 2828 310:
978 2781 1250 2842 Φερεκράτης
1284 2779 1521 2839 Ἰὐραννὶὄι
