1786 3210
695 192 753 234 Μ
757 190 819 233 01
822 188 945 232 PAI.
1461 196 1516 237 89
1524 196 1546 237 ⁷

62 309 187 363 vulgo
218 306 591 362 παραθηγομένη.
653 308 746 349 Par.
776 321 801 348 a
832 304 1205 362 παραθηγομὲνῃ.
1249 307 1425 350 Vulcob.
1457 323 1548 349 πα-

62 378 526 435 ραθυγομὲνουα(εἰο).
575 376 969 432 ’παραθηγομένης
998 379 1228 419 Dacierius.
1290 379 1404 420 Idem
1439 378 1546 435 βρύ-

58 465 151 506 χεις
180 466 257 506 pro
288 447 450 506 βρύχει.
491 452 682 504 Denique
710 445 893 498 κοπίδος
922 464 998 504 pro
1029 445 1215 497 κοπίδας
1231 450 1400 500 Comes,
1432 453 1548 493 cuius

63 524 170 565 haec
207 528 271 565 est
309 524 550 577 explicatio:
595 521 670 562 καὶ
708 514 824 562 οὕτω
863 518 1005 569 δειλὸς
1043 510 1106 572 εἶ,
1147 517 1399 575 Περίκλεις,
1435 515 1548 562 ὥστε

63 590 240 651 βρύχειν
270 590 372 641 τοὺς
398 589 610 645 ὀδόντας,
650 588 732 633 κᾶν
769 588 910 647 μόνον
939 591 1088 651 αἴσθῃ
1118 590 1198 633 τὸν
1228 588 1385 648 ψόφον
1414 591 1549 648 ἐγχει-

63 664 210 721 ριδίου
237 661 419 714 κοπίδος
449 664 670 715 (τουτέστι
697 660 967 719 μικροτάτου
995 661 1272 721 ἐγχειριδίου)
1291 664 1552 720 θηγομένης

63 735 112 777 ἐν
137 731 273 793 ἀκόνῃ
303 734 485 792 σκληρᾷ.
546 738 639 778 Non
670 738 848 791 probare
877 738 982 778 haec
1014 737 1221 779 debebant
1249 738 1302 787 ii,
1332 738 1402 790 qui
1431 752 1491 780 vs.
1522 740 1551 780 4

64 810 186 851 aliam
216 822 264 850 ac
295 810 451 850 Coraes
481 810 867 863 interpretationem
899 810 1066 862 sequuti
1098 814 1241 859 erant,
1280 809 1381 862 ipsis
1421 811 1551 863 parti-

65 881 169 922 culis
197 879 274 920 καὶ
303 907 358 912 --
389 878 435 920 δὲ
466 895 549 922 non
581 881 886 935 oppositionem
926 881 1000 921 sed
1041 881 1397 922 confirmationem
1428 895 1551 935 prae-

66 952 253 992 cedentis
284 954 517 993 sententiae
546 953 612 993 his
642 952 780 993 verbis
811 952 1016 994 contineri
1047 952 1337 993 indicantibus.
1408 953 1553 1007 ltaque

67 1022 121 1063 de
160 1024 379 1073 iactantia,
419 1036 501 1064 non
539 1024 592 1064 de
631 1023 792 1077 ignavia
833 1028 875 1064 et
905 1023 1126 1064 timiditate
1167 1024 1343 1064 Periclis
1380 1025 1448 1064 hic
1483 1026 1550 1079 agi

64 1094 283 1148 probabile
321 1099 403 1135 est:
448 1108 527 1136 nec
556 1090 810 1148 ἐγχειρίδιος
839 1094 979 1148 placet
1007 1095 1200 1136 adiectivi
1229 1096 1323 1136 loco
1354 1107 1449 1137 cum
1478 1108 1552 1136 κο-

66 1164 140 1214 πὶς
169 1166 450 1208 coniunctum.
511 1166 787 1207 Scribendum
818 1166 998 1215 videtur,

408 1232 701 1291 κάγχειριδίου
732 1232 779 1276 δ’
808 1231 944 1293 ἀκόνῃ
975 1232 1147 1292 σκληρᾷ

407 1306 792 1362 παραθηγομένου
823 1303 996 1362 βρύκει-ς
1025 1305 1226 1355 κοπίδας.

66 1375 275 1428 Κοπίδας
306 1373 480 1433 βρύκειν
509 1381 679 1435 gladios
709 1381 912 1421 devorare
949 1380 1224 1434 proverbialis
1266 1379 1399 1422 fuisse
1437 1383 1555 1426 vide-

65 1459 136 1495 tur
163 1452 334 1502 locutio,
366 1466 445 1506 qua
474 1454 568 1493 vani
599 1452 855 1493 fortitudinis
885 1452 1106 1492 iactatores
1137 1452 1467 1507 (Eisenfresser)
1496 1456 1554 1497 si-

66 1525 378 1580 gnificarentur.
452 1523 630 1564 Prorsus
667 1525 726 1564 ita
764 1524 977 1564 Timocles
1007 1524 1215 1565 Athenaei
1249 1525 1304 1567 V1
1335 1539 1376 1578 p.
1408 1528 1554 1568 22421:
1599 1548 1604 1554 =

67 1593 93 1638 ὁ
123 1590 349 1651 Βριάρεως
379 1589 402 1635 ὁ
434 1591 537 1643 τοὺς
565 1592 844 1642 καταπέλτας
873 1589 951 1642 τάς
980 1608 1025 1634 τε
1043 1590 1202 1649 λόγχας
1232 1593 1415 1636 ἐσθίων.
1453 1599 1555 1651 Qui-

66 1670 146 1711 bus
174 1669 312 1709 verbis
332 1667 637 1708 Demosthenes
669 1671 835 1708 notatur
863 1667 1034 1708 militiae
1066 1669 1320 1709 detrectator
1358 1670 1555 1723 idemque

69 1740 296 1782 acerrimus
326 1739 428 1779 belli
456 1740 687 1792 instigator.
749 1739 894 1791 ltaque
924 1738 1005 1779 hoc
1036 1740 1134 1781 dicit
1164 1741 1444 1795 Hermippus,
1475 1743 1557 1784 Pe-

67 1811 214 1852 riclem
248 1822 374 1863 quum
405 1810 564 1851 ensium
595 1811 815 1864 strepitum
854 1810 1017 1861 audiat,
1064 1811 1339 1853 fortissimum
1384 1827 1429 1854 se
1458 1813 1555 1855 fore

0 1912 3 1916 -
68 1883 182 1924 inani
210 1882 401 1923 iactantia
430 1883 634 1935 polliceri.
681 1883 759 1923 His
788 1883 869 1923 iam
899 1882 1132 1923 rectissime
1162 1884 1399 1925 inferuntur
1429 1887 1557 1927 verba

68 1952 256 2009 δηχθεὶς
297 1950 468 1992 αἴθωνι
498 1951 692 2004 Κλέωνι,
736 1954 884 2007 quibus
922 1954 1128 2007 significat
1163 1944 1335 1997 Cleonis
1372 1970 1555 2012 pugnam

69 2027 298 2068 identidem
329 2026 539 2079 poscentis
570 2026 729 2066 ferocia
761 2026 968 2066 Periclem
1008 2028 1223 2081 compelli,
1264 2033 1310 2070 ut
1349 2029 1401 2070 ad
1440 2044 1555 2074 arma

68 2098 322 2153 capessenda
351 2110 397 2138 se
427 2102 664 2153 promptum
697 2111 789 2164 esse
820 2097 1026 2139 ostendat.

799 2268 852 2307 11.

359 2381 578 2433 Χλανίδες
609 2381 662 2424 δ’
691 2374 821 2426 οὖλαι
850 2384 1224 2439 καταβέβληνται»,

356 2466 547 2525 θώρακα
580 2469 606 2509 δ
623 2467 632 2480 '
660 2464 780 2519 ἅπας
806 2470 1116 2526 ἐμπερονᾶται,

356 2555 536 2610 κνημῖδε
570 2557 666 2612 περὶ
697 2556 871 2615 σφυρὸν
901 2554 1198 2614 ἀρθροῦνται,

355 2638 551 2695 βλαύτης
581 2640 634 2681 δ’
665 2640 809 2693 οὐδεὶς
840 2641 904 2685 ἔτ’
936 2643 1041 2701 ἔρως
1071 2643 1237 2695 λευκῆς,

297 2727 326 2767 5
355 2725 526 2784 ῥάβδον
555 2726 604 2768 δ’
636 2725 741 2784 ὄψει·
770 2728 852 2781 τὴν
881 2728 1149 2786 κοτταβικήν

356 2810 402 2851 ἐν
431 2814 522 2863 τοῖς
550 2810 754 2871 α’χύροισι
782 2815 1113 2872 κυλινδομένων,
