1786 3210
228 157 283 196 16
839 146 1074 191 GRATINI

228 282 268 322 p.
299 266 397 307 200.
457 291 511 297 -
571 264 643 307 Vs.
674 265 702 304 2
732 258 815 303 σὺν
836 256 976 316 ἀνδρὶ
1003 256 1132 316 θείῳ.
1181 259 1243 301 De
1273 260 1352 301 hac
1381 256 1612 306 honorifica
1642 279 1716 320 ap-

227 337 451 392 pellatione
481 334 822 377 Lacedaemoniis
851 333 1029 374 maxime
1058 332 1223 381 usitata,
1249 332 1430 385 ideoque
1460 335 1513 375 ad
1530 336 1715 378 Cimonis

229 407 528 450 Laconicarum
568 418 710 446 rerum
748 403 1041 445 studiosissimi
1081 403 1228 444 laudes
1265 404 1454 456 inprimis
1484 418 1717 449 accommo-

230 480 339 529 data,
371 477 556 519 Platonis
587 476 825 518 Aristotelis
865 478 908 515 et
937 474 1158 516 Aeschinis
1189 475 1304 515 locos
1333 476 1415 515 iam
1446 476 1516 516 alii
1548 490 1718 532 compo-

229 553 416 591 suerunt.
474 548 525 590 V.
555 547 855 588 Buttmannum
886 545 939 586 ad
969 544 1156 586 Platonis
1186 544 1303 586 Men.
1335 559 1375 598 p.
1407 547 1475 588 69.
1507 574 1562 581 -
1599 548 1720 592 Vs.3

229 614 386 675 πρόμῳ
423 618 632 659 Reiskius.
695 617 809 658 Libri
847 609 1030 671 πρώτῳ,
1070 628 1147 668 pro
1191 627 1272 668 quo
1303 617 1569 660 Hermannus
1608 620 1721 673 apud

229 690 485 732 Runkelium
516 687 567 728 ad
599 687 752 740 Eupol.
783 700 823 739 p.
856 686 938 725 187
979 685 1160 725 coniecit
1198 682 1283 739 πρὸ
1322 685 1415 730 τοῦ.
1474 690 1556 731 Th.
1588 691 1721 745 Berg-

229 763 322 803 kius
353 761 586 801 comment.
616 771 657 811 p.
689 757 744 797 23
786 756 973 797 tentabat
1008 750 1086 796 ἑνί.
1157 756 1335 808 Utrique
1373 764 1587 811 praestare.
1615 763 1721 804 mihi

230 832 394 872 videtur
426 824 597 884 πρόμῳ,
628 828 741 882 quod
771 827 901 882 epicis
932 825 1194 880 tragicisque
1217 826 1422 869 familiare
1451 842 1531 871 nec
1561 831 1722 875 Cratini

231 902 451 944 sublimem
489 900 722 941 orationem
760 899 953 939 dedecet.
1023 897 1215 939 Eandem
1255 911 1400 942 vocem
1441 902 1575 948 critici
1605 907 1722 947 recte

231 974 468 1016 restituisse
499 971 694 1012 videntur
724 970 996 1024 Aristophani
1027 969 1201 1011 Thesm.
1231 969 1302 1011 50.

523 1163 631 1212 Οἷον
657 1168 888 1227 σοφιστῶν
919 1166 1086 1224 σμῆνος
1116 1163 1431 1224 άνεδιφήσατε.

347 1259 544 1300 Clemens
574 1259 693 1300 Alex.
724 1259 880 1300 Strom.
911 1257 928 1297 1
958 1270 999 1310 p.
1031 1256 1116 1296 280
1146 1254 1315 1307 (329);
1359 1254 1581 1310 Κρατῖνος
1617 1256 1726 1311 γοῦν

233 1326 281 1368 ἐν
310 1327 400 1376 τοῖς
427 1323 747 1383 Ἀρχιλοχείοις
781 1330 880 1379 (sic)
909 1325 1096 1376 ποιητὰς
1123 1323 1368 1376 καταλέξας
1398 1323 1484 1384 ἔφη
1507 1320 1616 1370 Οἶον
1644 1344 1725 1372 σο-

235 1397 411 1455 φιστῶν
440 1397 608 1453 σμῆνος
638 1395 956 1454 ἀνεὸιφήσατε.
1023 1399 1257 1438 Homerum
1287 1399 1388 1440 dicit
1418 1405 1461 1442 et
1490 1402 1725 1447 Hesiodum

236 1472 424 1524 aliosque
455 1473 708 1526 complures.
767 1472 977 1524 Diogenes
1008 1470 1147 1510 Laert.
1180 1469 1374 1512 Prooem.
1405 1472 1460 1513 12
1490 1487 1530 1527 p.
1562 1476 1610 1516 9:
1649 1476 1727 1516 καὶ

235 1540 280 1582 οἱ
309 1541 494 1591 ποιηταὶ
525 1538 753 1598 σοφισταί,
780 1536 911 1582 καθὰ
940 1539 1015 1580 καὶ
1038 1538 1258 1595 Κρατῖνος
1288 1526 1335 1580 ἐν
1360 1536 1607 1602 Ἀρχιλόχῳ
1624 1548 1725 1601 (sic)

236 1609 339 1662 τοὺς
369 1613 469 1667 περὶ
490 1606 688 1671 Ὅμηρον
715 1613 791 1654 καὶ
810 1608 1026 1653 Ἡσίοδον
1054 1609 1250 1651 ἐπαινῶν
1278 1604 1416 1661 οὕτως
1444 1614 1580 1659 καλεῖ.
1613 1620 1725 1661 oon-

239 1689 321 1726 stat
350 1685 552 1727 latissime
582 1691 728 1740 patere
759 1698 881 1727 usum
914 1683 1091 1725 nominis
1123 1679 1354 1737 σοφιστής.
1386 1687 1448 1727 Ita
1462 1688 1728 1742 Phrynichus
1785 1707 1786 1714 ¹

237 1758 462 1810 Lamprum
495 1758 699 1799 musicum
727 1754 915 1812 μινυρὸν
945 1750 1279 1809 ὑπερσοφιστὴν
1316 1757 1416 1798 dicit
1455 1759 1566 1813 apud
1596 1762 1729 1803 Athe·
1785 1755 1786 1766 ¹

238 1839 389 1869 naeum
422 1827 462 1866 11
491 1841 532 1880 p.
548 1829 604 1868 44
623 1829 663 1878 d,
694 1834 736 1868 et
766 1829 886 1868 Plato
917 1827 1101 1867 comicus
1131 1823 1208 1866 τὸν
1233 1822 1506 1868 Ὀπούντιον
1533 1825 1731 1883 αὐλητὴν

237 1894 526 1951 Βακχυλίόην
555 1892 616 1947 εἰς
644 1885 844 1953 τοῦνομα
872 1894 1081 1947 κατέταξε
1111 1895 1200 1936 τῶν
1229 1898 1459 1951 σοφιστῶν
1482 1902 1614 1945 schol.
1633 1905 1729 1946 Ari·
1785 1912 1786 1955 j

241 1970 380 2024 steph.
413 1971 522 2011 Nub.
553 1971 652 2012 330.
712 1970 959 2012 Eustathius
990 1970 1043 2010 ad
1074 1970 1190 2011 Iliad.
1221 1985 1262 2024 p.
1285 1971 1397 2012 1023
1428 1957 1613 2014 13}va
1638 1973 1735 2015 Σο-
1785 1958 1786 1984 ἶ

241 2037 432 2096 ‹poni-739,
463 2037 600 2094 φασί,
639 2038 717 2082 τὸν
747 2039 1010 2099 κιθαρῳδὸν
1040 2038 1263 2096 σοφιστὴν
1293 2041 1406 2094 λέγει
1433 2043 1511 2083 καὶ
1538 2042 1617 2085 τὸν
1645 2048 1731 2104 ῥα-

240 2108 398 2169 ψῳδὸν
431 2107 636 2161 Εὔπολις.
698 2115 1010 2156 Anaxandrides
1041 2115 1248 2156 Athenaei
1277 2114 1377 2158 XIV
1405 2130 1446 2169 p.
1473 2116 1623 2159 638d=
1652 2111 1730 2157 ἵνα

239 2182 316 2225 καὶ
347 2180 403 2225 σὺ
433 2181 556 2239 νικᾷς
587 2179 688 2232 τοὺς
717 2181 951 2239 σοφιστάς,
981 2174 1015 2225 ὦ
1047 2181 1162 2240 φίλε.
1226 2185 1309 2227 Ubi
1339 2187 1392 2227 de
1413 2189 1524 2240 Arga
1553 2189 1731 2243 aliisque

241 2256 410 2297 musicis
442 2261 484 2297 et
516 2255 651 2310 poetis
680 2256 877 2308 loquitur.
945 2259 1012 2298 Ad
1051 2254 1219 2310 σμῆνος
1257 2255 1486 2310 σοφιστῶν
1515 2272 1735 2314 compares,

242 2328 504 2368 Platonicum
535 2324 704 2380 σμῆνος
733 2322 901 2383 ἀρετῶν
931 2329 1116 2369 Menone
1144 2343 1185 2382 p.
1216 2329 1272 2370 72
1303 2331 1352 2370 A.
1414 2330 1491 2371 Gfr
1521 2332 1733 2375 Iacobsius

243 2398 296 2439 ad
326 2398 479 2439 Achill.
510 2399 604 2439 Tat.
637 2398 694 2440 VI
727 2399 780 2438 10
811 2404 854 2439 et
883 2401 1089 2453 Bergkius
1112 2400 1345 2441 Comment.
1362 2415 1402 2453 p.
1417 2402 1457 2442 6.
1485 2396 1732 2458 Ἀνεδιφή-

244 2481 373 2519 aare,
412 2473 458 2517 ut
497 2482 572 2521 pro
602 2462 925 2524 ἆνεδειφήσατε
965 2470 1059 2520 (cfr
1090 2471 1328 2522 Hesychius
1370 2485 1408 2511 v.
1440 2470 1732 2526 ὃειφήσαντις

246 2542 347 2591 etc.)
379 2540 648 2581 Casaubonus
680 2540 730 2580 ad
762 2539 1024 2580 Athenaeum
1058 2541 1116 2580 lll
1149 2555 1187 2593 p.
1212 2540 1310 2588 SQe
1342 2543 1519 2595 scripsit,
1550 2544 1732 2587 dubitari

244 2614 384 2664 potest
425 2615 562 2650 utrum
604 2612 655 2651 ab
687 2605 916 2665 ἀναδιᾳέω
954 2625 1005 2651 an
1044 2613 1093 2652 ab
1125 2607 1364 2666 ιέναδιφεὲω
1402 2613 1625 2656 formatum
1664 2619 1730 2658 sit.

246 2678 474 2723 Homerica
514 2686 556 2722 et
597 2682 798 2723 vetustior
834 2682 970 2722 forma
1001 2682 1082 2722 fuit
1111 2679 1364 2737 ἁναόιφάω.
1422 2685 1498 2727 Cfr
1528 2687 1732 2730 Naekium

247 2752 302 2795 de
321 2752 495 2805 Gallim.
526 2753 688 2794 Hecale
717 2753 758 2794 in
790 2753 941 2796 Museo
976 2753 1110 2795 Rhen.
1144 2753 1181 2795 11
1213 2768 1252 2807 p.
1282 2754 1381 2796 512.
