1786 3210
668 184 974 231 ΣΕΡΙΦΙΟΙ.
1283 212 1284 215 =
1339 227 1380 235 „
1470 184 1554 227 189

57 308 329 363 συνέβαινεν
365 296 446 349 οὖν
477 303 554 347 τὸν
581 302 721 360 μέσον
750 301 830 344 τοῦ
858 298 1092 359 ἀριστεροῦ
1121 295 1302 354 στοίχου
1331 297 1414 349 τὴν
1441 298 1556 341 ἐντι·

0 416 1 441 1
66 378 267 440 μοτάτην
297 380 371 422 καὶ
412 377 495 430 τὴν
525 369 622 419 οἷον
653 374 732 417 τοῦ
761 369 1078 430 πρωτοστάτου
1103 367 1254 427 χώραν
1283 369 1452 425 ἐπέχειν
1479 370 1557 412 καὶ

69 449 244 497 στάσιν.
304 454 408 494 Nam
440 464 565 506 quum
595 450 777 503 tragicus
809 448 963 489 chorus
994 460 1044 488 ex
1074 447 1206 486 tribus
1236 440 1430 498 στοίχοις
1458 444 1557 484 toti-

71 529 250 579 demque
279 523 420 577 ζυγοῖς
449 529 643 565 constans
674 537 696 563 a
727 523 871 563 dextra
902 525 1021 574 parte
1049 519 1091 559 in
1123 518 1332 558 theatrum
1364 530 1559 570 progres-

73 612 158 648 sus,
190 598 462 638 conversione
500 596 541 636 in
582 596 790 636 sinistram
830 592 963 641 facta,
1009 591 1316 644 spectatoribus
1354 590 1558 629 obversus

76 670 342 717 constitisset,
395 668 577 708 medium
625 666 780 707 sinistri
826 660 1005 717 στοίχου
1048 663 1186 702 locum
1230 662 1409 724 tenebat
1438 674 1561 714 cory-

73 743 247 795 phaeus,
279 740 441 780 duobus
473 739 687 780 choreutis
720 738 886 790 utrique
917 737 1006 776 eius
1026 734 1147 774 lateri
1164 733 1436 774 adstantibus.
1478 733 1559 774 ita-

75 825 158 866 que
211 811 474 866 coryphaeus
516 806 663 865 τρίτος
711 811 778 851 vel
818 808 952 863 μέσος
995 802 1230 864 ἀριστὲροῦ
1273 801 1455 860 στοίχου
1498 805 1562 847 di-

77 885 264 926 cebatur.

799 995 851 1036 X.

193 1088 377 1142 Etymol.
410 1089 471 1130 M.
503 1102 541 1142 p.
574 1087 655 1129 751
688 1088 730 1129 5.
766 1081 1148 1127 Τελενικίσαιε
1180 1083 1228 1125 ἐν
1256 1080 1482 1141 Σερίφοις.
1514 1080 1566 1124 τὸ

79 1158 282 1210 κενῶσαι,
311 1155 400 1200 ἀπὸ
437 1156 668 1199 Τιλενίκου
699 1154 832 1210 τινός,
860 1155 919 1207 ώς
951 1156 1000 1198 τὸ
1029 1153 1157 1209 εἰκός,
1189 1156 1376 1208 πένητος
1405 1168 1563 1197 παντε-

81 1231 179 1281 λῶς.
235 1231 311 1273 καὶ
349 1229 520 1285 λέγεταί
551 1246 615 1280 τις
651 1220 915 1278 Ἰἰλενίκῖιος
946 1225 1058 1284 ἠχώ,
1099 1228 1145 1271 ἐκ
1180 1227 1439 1286 μεταφορᾶς
1477 1224 1568 1269 ἀπὸ

83 1301 172 1344 τῶν
207 1303 343 1345 κενῶν
379 1300 580 1356 ἀγγείων.
648 1304 808 1345 Eadem
849 1303 1023 1344 totidem
1066 1304 1203 1344 verbis
1234 1303 1364 1344 habet
1395 1302 1570 1343 Photius
1626 1340 1629 1344 .

86 1378 188 1418 Lex.
218 1391 259 1430 p.
289 1378 373 1418 574
404 1378 446 1426 6,
484 1377 555 1417 ubi
595 1389 671 1429 pro
711 1371 921 1430 Σερίᾳοις
959 1375 1114 1428 legitur
1150 1371 1403 1430 Σεριφίοις,
1442 1379 1489 1415 ut
1527 1373 1571 1415 iu

86 1450 270 1502 Etymol.
304 1449 363 1489 M.
395 1453 502 1488 teste
533 1447 771 1488 Gaisfordio
803 1449 853 1488 ad
884 1448 1117 1501 Hephaest.
1149 1462 1189 1501 p.
1221 1449 1278 1488 89
1317 1447 1446 1488 habet
1477 1445 1570 1486 cod.

31 1573 35 1577 ι
87 1519 379 1577 Dorvillianus.
441 1519 637 1559 Photium
669 1519 886 1572 exscripsit
918 1519 1068 1560 Suidas
1098 1521 1178 1560 vol.
1214 1519 1274 1560 111
1307 1533 1345 1572 p.
1375 1519 1461 1559 442
1492 1518 1572 1560 nisi

88 1591 199 1644 quod
235 1592 292 1630 ibi
334 1591 484 1630 xitiose
524 1591 677 1643 iegitur
720 1588 1027 1641 ’λ’ἑλενικῆσαι,
1065 1603 1312 1644 quamquam
1353 1591 1410 1631 ita
1448 1590 1572 1630 etiam

44 1671 47 1674 ⁴
89 1662 348 1716 Hesychius,
391 1659 695 1711 Τελενικῆσαιε
740 1658 840 1700 ἀντὶ
870 1660 949 1701 τοῦ
977 1658 1040 1714 μὴ
1070 1659 1197 1700 κενὸν
1227 1660 1427 1712 ποιῆσαι.
1490 1662 1574 1702 Ubi

21 1768 33 1791 4
88 1731 151 1789 μὴ
197 1742 312 1774 recte
359 1735 516 1775 delent.
593 1735 685 1775 Non
730 1734 916 1774 adducor
953 1739 1091 1774 autem
1141 1739 1184 1774 ut
1222 1734 1351 1774 fidem
1392 1735 1574 1775 habeam

90 1807 369 1860 grammaticis
400 1806 481 1846 hoc
512 1806 684 1846 verbum
717 1819 793 1857 per
821 1803 1009 1845 κενῶσαι
1046 1806 1430 1858 interpretantibus.
1497 1804 1577 1844 Τε-

93 1876 314 1927 λινικιζιιν
354 1878 456 1918 nihil
501 1878 614 1917 aliud
645 1878 883 1931 significare
911 1881 1048 1930 potest
1078 1891 1200 1930 quam
1231 1878 1433 1918 Telenico
1464 1877 1577 1920 simi-

92 1951 175 1993 lem
207 1964 312 1999 esse,
344 1951 413 2003 qui
444 1950 478 1990 si
502 1963 662 2003 pauper
691 1948 785 1998 suit,
823 1956 868 1990 ut
901 1950 1068 1990 tradunt
1098 1951 1370 2003 grammatici,
1401 1963 1578 1992 consen-

93 2029 262 2063 taneum
293 2027 357 2062 est
392 2018 671 2072 Τελενικίζεὶν
700 2022 812 2063 idem
844 2036 938 2063 esse
968 2023 1079 2075 quod
1111 2021 1346 2062 πένισθαι.
1392 2023 1478 2063 Sed
1510 2036 1581 2064 ve-

95 2095 218 2135 rioris
260 2095 615 2148 interpretationis
672 2095 844 2146 vestigia
882 2095 1076 2144 servavit,
1119 2096 1282 2147 opinor,
1325 2095 1580 2148 Hesychius,

95 2167 195 2207 Fuit
225 2167 334 2206 enim
351 2167 578 2207 Telenicus
609 2171 732 2220 poeta
762 2167 932 2220 lyricus,
956 2167 1029 2207 sed
1062 2166 1195 2206 futilis
1228 2172 1270 2207 et
1299 2167 1453 2208 levium
1484 2181 1582 2209 can·

97 2238 319 2279 tilenarum
350 2244 508 2280 auctor.
553 2239 731 2279 Phanias
753 2239 922 2280 Eresius
952 2239 1062 2291 apud
1095 2239 1365 2281 Athen.X1V
1382 2254 1420 2293 p.
1438 2240 1580 2281 638oe

104 2306 328 2357 Τελένικος
357 2305 381 2348 ὸ
413 2305 680 2359 Βυζάντιος,
716 2305 781 2349 ἔτι
809 2307 855 2349 δὲ·
893 2307 1081 2363 Ἀργᾶς,
1122 2309 1305 2359 ποιηταὶ
1333 2307 1584 2366 μοχθηρῶν

99 2375 222 2428 ὄντες
253 2376 420 2432 νόμων,
460 2378 568 2436 πρὸς
605 2381 686 2433 μὲν
715 2378 794 2420 τὸν
824 2379 939 2420 ἴδιον
965 2381 1225 2434 χαρακτῆρα
1257 2379 1334 2430 τῆς
1365 2379 1583 2433 ποιήσεως

100 2448 339 2507 εὐπορουν,
383 2451 470 2492 τῶν
510 2451 556 2492 δὲ
602 2447 887 2507 Ἰἐρπάνόρου
925 2452 999 2492 καὶ
1035 2448 1257 2506 ψρὺνιόος
1295 2451 1444 2506 νομιυν
1480 2449 1584 2496 οὐδὲ

101 2522 215 2566 κατὰ
252 2521 410 2580 μικρὸν
444 2520 667 2574 ἠδύναντο
708 2523 974 2576 ἐπιψαῦσαι.
1046 2525 1127 2565 Ubi
1171 2526 1280 2578 quod
1326 2526 1448 2568 simul
1488 2541 1583 2570 cum

106 2598 215 2651 Arga
252 2603 620 2646 commemoratur,
670 2611 719 2638 ex
761 2610 811 2637 eo
857 2610 1114 2649 nequaquam
1156 2598 1424 2650 consequitur
1459 2600 1583 2641 huius

106 2680 200 2710 eum
236 2669 368 2710 ruisse
406 2669 637 2722 aequalem.
710 2670 855 2722 ltaque
887 2669 1128 2722 Hesychius
1163 2667 1436 2710 Τελενικίσαι
1467 2678 1584 2713 recte

107 2739 401 2793 interpretatur
431 2737 557 2783 κενὸν,
587 2739 791 2791 ποιῆσαι,
831 2742 910 2782 nisi
940 2741 1051 2794 quod
1080 2742 1293 2794 is‚,‘1uem
1326 2742 1398 2783 iile
1428 2744 1582 2784 exscri-

109 2811 204 2867 psit,
233 2811 410 2855 fortasse
437 2808 564 2854 κενὸν
592 2801 717 2868 ἆσμα
748 2810 934 2864 ποιῆσῖιι
963 2813 1029 2854 vel
1059 2813 1194 2855 simile
1224 2815 1323 2868 quid
1355 2815 1583 2869 scripserit.
