1786 3210
233 166 319 207 444
827 167 1134 211 EUPOLIDIS

894 339 948 381 X.
1005 339 1080 381 ΧῙ.

449 415 558 463 (Ότι
587 419 646 462 τὰ
676 420 865 481 πατρῷα
896 421 1005 480 πρὸς
1035 425 1084 465 σὲ
1113 421 1477 481 καταδιὲφθορα.

349 538 534 578 Zonaras
564 536 664 578 Lex.
695 551 737 590 p.
767 536 852 578 548
882 538 932 578 4:
969 536 1223 593 Διὲφθορεν
1261 534 1314 578 οὐ
1357 534 1407 578 τὸ
1440 536 1721 596 διέφθαρται

235 606 366 659 δηλοῖ
401 603 522 661 παρὰ
559 602 807 660 Ἀττικοῖς,
845 605 959 648 ἀλλὰ
992 605 1043 649 τὸ
1082 607 1375 664 διέφθαρκεν.
1443 606 1639 660 Εὔπολις
1668 638 1724 644 --

234 679 312 721 καὶ
341 677 388 719 ἕν
416 674 657 735 Αὐτολύκῳ
677 671 786 719 ςὈτι
814 675 871 719 τὰ
902 677 1087 736 πατρῷα
1116 677 1208 721 κτλ.
1270 681 1353 721 Pro
1383 672 1453 721 ὅτι
1483 683 1623 723 malim
1653 689 1725 724 aut

234 745 331 801 ὁτιή
364 755 435 792 aut
464 742 610 801 ὅστις,
649 754 696 791 ut
733 752 867 792 voluit
898 753 1022 792 etiam
1055 752 1260 804 Bergkius
1291 753 1523 794 Comment.
1553 767 1595 807 p.
1625 754 1724 797 344.

232 823 440 866 Videntur
479 822 584 862 haec
621 823 840 876 Leogorae
890 824 942 864 ad
981 823 1245 877 Myrrhinam
1294 825 1560 865 meretricem
1596 826 1724 868 verba

234 908 341 936 esse.
401 894 634 935 Scholiasta
662 895 877 948 Aristoph.
913 896 1023 935 109:
1052 890 1314 950 Λεωγόρας,
1346 890 1561 950 τρυφερός
1589 909 1668 946 τις,
1700 889 1725 936 ὁ

231 960 504 1006 Ἀνδοκίδου
531 959 702 1018 πατήρ·
732 961 929 1005 Πλάτων
958 963 1204 1020 Περιαλγεῖ
1232 993 1289 999 -
1323 961 1518 1015 Εὔπολις
1555 964 1603 1007 ἐν
1631 963 1725 1008 Αὐ-

232 1032 400 1093 τολύκῳ
439 1031 481 1090 ff
517 1031 576 1085 ὦς
611 1035 687 1076 καὶ
726 1032 824 1075 διὰ
865 1034 1163 1093 Μυρρίναν
1208 1032 1438 1093 ἑταίραν
1485 1033 1552 1077 τὰ
1582 1034 1724 1093 χρή-

231 1122 384 1163 ματα
425 1102 785 1162 ἀποβέβληκέ
814 1120 969 1164 φησιν.
1031 1111 1281 1166 Composuit
1309 1110 1416 1153 haec
1446 1110 1571 1152 etiam
1603 1111 1723 1152 Run-

228 1183 378 1227 kelius.

825 1291 923 1334 XII.
983 1293 1101 1335 XIII.

478 1365 604 1433 Ἀρα
635 1371 812 1433 σφόδρ’
842 1374 1098 1433 ἐνεούρησεν
1126 1373 1286 1430 ἐξώλης
1315 1376 1477 1433 γέρωνς
1713 1398 1728 1421 s

344 1493 650 1537 Grammaticus
688 1492 876 1535 Grameri
914 1493 1072 1534 Anecd.
1105 1493 1124 1534 Ι
1165 1506 1207 1546 p.
1238 1494 1323 1534 446
1362 1495 1440 1535 17:
1486 1488 1722 1551 ἔνοῦρησεν

230 1561 487 1622 ἔνεούρησεν
527 1560 752 1611 Ἀττικαῖς.
825 1557 1021 1610 Εὔπολις
1066 1557 1309 1619 Αὐτολύκῳ
1319 1593 1331 1613 ,
1380 1551 1505 1619 'Apa
1549 1560 1717 1621 σφόδρ’
1784 1585 1786 1623 1

229 1634 496 1695 ἀνεούρησεν
539 1634 631 1676 κτλ.
689 1635 863 1676 Coi-rexi
913 1626 1182 1688 ἕνεούρησεν.
1248 1635 1448 1677 Fortasse
1491 1638 1720 1691 Lyconem,

231 1710 429 1766 Autolyci
458 1712 634 1763 patrem,
668 1706 783 1756 dicit,
814 1718 939 1759 quem
969 1705 1049 1746 hac
1076 1706 1120 1746 in
1150 1705 1291 1746 fabula
1321 1708 1616 1760 perstrinxisse
1631 1710 1719 1750 Eu-

231 1783 348 1839 polin
389 1784 551 1823 constat
589 1778 829 1820 testimonio
868 1776 1118 1818 scholiastae
1154 1775 1340 1818 Platonis
1378 1778 1508 1820 Bekk.
1540 1792 1582 1833 p.
1613 1779 1719 1820 332:

230 1850 427 1901 Εὔπολις
467 1847 520 1891 δ’
548 1848 597 1891 ἐν
631 1847 788 1898 Φίλοις
823 1847 898 1889 καὶ
935 1844 1010 1888 ἐπὶ
1045 1844 1102 1904 τῇ
1129 1846 1305 1901 γυναικὶ
1331 1842 1494 1905 (Ροδία
1523 1848 1728 1907 κωμῳδεῖ

231 1921 371 1968 αὐτόν
399 1925 695 1978 (Lyconem),
731 1918 779 1961 ἓν
816 1917 862 1959 δὲ
892 1916 954 1975 τῷ
982 1915 1138 1975 πρώτῳ
1167 1913 1409 1976 Αὐτολύκῳ
1445 1913 1506 1969 εἷς
1544 1918 1720 1973 ξένον.

231 2000 371 2040 Locus
412 1996 593 2050 fortasse
626 2007 677 2035 ex
706 1991 884 2035 convivii
914 1991 1198 2046 descriptione
1228 1991 1429 2046 (Fragm.
1460 1993 1534 2046 11)
1561 1994 1719 2049 petitus

233 2073 312 2112 est.
370 2067 448 2109 cfr
475 2068 645 2120 Fragm.
675 2064 750 2107 1v.
811 2105 814 2108 .

916 2174 1032 2218 XIV.

590 2255 807 2309 Καπνοὺς
833 2255 1078 2316 ἀποφαίνει
1105 2258 1182 2300 καὶ
1211 2257 1350 2309 σκιάς.

346 2378 579 2422 Scholiasta
615 2376 828 2431 Aristoph.
868 2376 979 2417 Nub.
1009 2375 1116 2415 253:
1158 2370 1215 2414 τοὶ
1261 2370 1452 2429 μηδενὸς
1496 2370 1601 2425 ἄξια
1638 2387 1718 2414 κα..

233 2447 371 2500 πνούς
399 2450 475 2491 καὶ
506 2444 631 2496 σκιὰς
661 2446 738 2488 καὶ
771 2445 958 2501 νεφέλας
988 2440 1274 2501 ὀνομάζομεν,
1334 2441 1528 2494 Εὔπολις
1557 2444 1604 2486 ἑν
1618 2442 1717 2486 Αὐ-

235 2517 404 2579 τολύκῳ
432 2515 649 2568 Καπνούς
678 2513 920 2574 ἀποφαίνει
949 2516 1026 2557 καὶ
1056 2512 1195 2566 σκιάς.

683 2663 687 2667 -
938 2630 1040 2672 'XV-

349 2720 583 2763 Scholiasta
621 2716 835 2771 Aristoph.
859 2714 1044 2757 ‘Thesm
1077 2715 1187 2756 941:
1235 2707 1418 2761 Ἀττικὴ
1458 2709 1504 2752 δὲ
1543 2708 1571 2762 ἡ
1609 2706 1716 2752 σύν-

235 2789 371 2845 ταξις.
430 2783 501 2832 ὅτι
541 2787 588 2830 δὲ
625 2785 817 2831 ἑστιᾶν
851 2785 929 2829 καὶ
964 2783 1117 2844 δοτικῇ
1154 2777 1503 2844 συντάισσουσιν,
1543 2778 1603 2831 ὠς
1639 2781 1716 2824 καὶ
