1786 3210
1730 0 1786 140 ἲ

1191 275 1210 292 ι

240 307 397 350 habent
424 318 502 361 pro
533 300 732 361 πρᾶγμα.
801 304 983 347 Prorsus
1022 308 1163 346 autem
1195 304 1372 346 obscura
1402 308 1499 347 sunt
1530 317 1637 359 quae
1669 318 1734 348 se-

244 382 428 432 quuntur
458 372 533 416 διὰ
563 374 652 416 τῶν
679 370 866 430 χωρίων.
927 377 1129 418 Grotius:

532 447 755 488 Orationis
787 447 1007 488 abstinebo
1038 447 1302 501 ambagibus,

526 524 570 559 et
598 532 687 559 rem
708 519 915 572 profabor
944 518 1103 560 limites
1130 520 1256 558 intra
1284 530 1395 558 suos.

246 589 474 632 Salmasius
520 592 707 631 tentabat
753 586 828 629 διὰ
871 587 960 629 τῶν
1005 585 1210 644 καιρίων,
1256 590 1371 630 nulla
1419 600 1512 629 cum
1556 588 1740 629 veritatis

248 661 404 715 specie.
465 660 655 714 Denique
685 662 928 702 Hermanno
961 662 1115 715 Opusc.
1147 661 1183 702 V
1212 674 1254 713 p.
1284 661 1366 700 291
1408 659 1511 700 illud
1551 654 1627 698 διὰ
1656 656 1743 698 τῶν

251 727 426 787 χωρίων
454 731 506 772 ad
536 732 691 774 Demos
719 733 990 773 referendum
1019 732 1207 781 videtur,
1249 732 1403 784 quique
1431 731 1617 783 loquitur
1658 731 1742 771 hoc

251 804 392 844 dicere
422 802 644 855 existimat,
677 805 872 845 desinere
902 817 948 845 se
978 803 1088 843 velle
1107 789 1370 843 'coniunctim
1398 803 1526 855 loqui,
1558 802 1634 843 sed
1664 804 1755 855 per

252 875 396 915 demos
436 875 463 915 i.
494 887 532 915 e.
574 888 651 928 per
689 875 886 927 chorum,
931 888 1022 915 rem
1067 874 1352 927 expositurum
1403 887 1510 914 esse.
1588 874 1742 914 Dubito

251 960 351 989 num
384 947 465 988 hoc
504 946 696 999 cuiquam
736 958 1012 1000 persuasurus
1042 946 1097 987 sit
1127 945 1431 999 vin-egregius.
1499 945 1651 986 Latere
1681 945 1743 986 vi-

254 1019 378 1059 detur
408 1018 702 1071 proverbium,
742 1031 824 1071 quo
853 1018 946 1059 viae
976 1016 1270 1070 compendium
1301 1016 1627 1069 significabatur.
1697 1016 1744 1057 In

251 1084 423 1144 χωρίων
451 1088 625 1131 ultimae
654 1088 823 1131 litterae
852 1088 1035 1131 fortasse
1065 1091 1162 1130 sunt
1193 1087 1460 1142 participium
1490 1080 1582 1129 ἰών.

239 194 324 236 468
838 189 1148 234 EUPOLIDIS

951 1230 1069 1274 XIX.

341 1324 619 1383 Ἀναθιῦμεν
649 1326 730 1369 νῦν
755 1324 909 1385 χῆμεῖς
938 1324 1114 1380 τούτοις
1143 1327 1280 1371 τασδὶ
1309 1325 1388 1378 τὰς
1415 1322 1664 1385 εἰρεσιώνας

344 1413 421 1456 καὶ
467 1410 820 1472 προσαγήλωμεν
861 1412 1161 1466 ἀπελθόντας.
1234 1414 1292 1459 Β.
1343 1412 1533 1472 Χαίρετε
1577 1410 1750 1464 πάντες.

1054 1501 1116 1546 A.
1149 1498 1423 1558 δεχόμεσθα.

375 1612 525 1656 Suidas
565 1613 583 1655 1
622 1627 664 1669 p.
695 1616 765 1657 27.
820 1608 1042 1669 Ἀγῆλαιε
1102 1614 1290 1672 τιμῆσαι
1331 1609 1470 1666 θεόν,
1516 1609 1748 1666 &flavona

266 1677 417 1733 Οὕτως
446 1678 640 1734 Εὔπολις
667 1682 835 1740 Δήμοις
864 1683 1142 1743 Ἀναθῶμεν
1172 1687 1252 1728 νῦν
1281 1686 1371 1728 κτλ..
1418 1687 1580 1729 Eadem
1610 1697 1749 1739 grume

262 1759 438 1802 maticu·
466 1757 598 1799 Bekk.
628 1758 786 1800 Anecd.
807 1773 848 1813 p.
863 1759 948 1800 329
981 1761 1036 1801 19
1069 1765 1112 1802 et
1129 1761 1199 1802 31.
1230 1761 1391 1802 omissis
1420 1763 1560 1800 tamen
1590 1751 1753 1811 postre-

263 1833 343 1875 mis
374 1825 549 1885 χαίρετε
586 1824 746 1878 πάντες
783 1825 1057 1886 δεχόμεσθα.
1088 1835 1129 1886 ¹⁸²)
1207 1832 1392 1886 Etymol.
1433 1831 1495 1872 M.
1533 1843 1575 1884 p.
1613 1829 1641 1869 9
1680 1827 1752 1869 52.

260 1898 481 1957 Ἀχῆλαιε
512 1895 772 1953 ἀναθεῖναι,
801 1900 1042 1956 κοσμῆσαι,
1071 1897 1132 1951 εἰς
1162 1898 1327 1955 ἄγασιν
1356 1898 1536 1956 ἀγαγεῖν
1565 1898 1641 1940 καὶ
1668 1912 1753 1952 χα-

264 1969 362 2030 ράν,
389 1970 579 2028 τιμῆσαι
603 1966 735 2023 θεόν,
764 1968 994 2026 ἀγλαΐσαι.
1049 1970 1245 2023 Εὔπολις
1285 1972 1378 2023 Καὶ
1427 1963 1751 2026 προραγήλωμ,’

265 2039 570 2092 ἀπελθόντας.
629 2044 702 2086 Vs.
720 2045 743 2084 l
774 2036 913 2085 τασδὶ
941 2042 1020 2094 τὰς
1049 2047 1260 2088 Porsonus
1290 2045 1401 2098 apud
1430 2044 1563 2086 Gaisf.
1594 2043 1646 2084 ad
1665 2043 1754 2083 He·-

266 2116 432 2172 phaest.
462 2130 504 2170 p.
517 2115 616 2156 278.
674 2115 812 2169 Vulgo
842 2112 921 2164 τὰς
952 2112 1116 2164 διττάς.
1176 2110 1441 2170 Εἰρεσιῶναι
1472 2119 1583 2156 serta
1613 2118 1656 2154 et
1685 2126 1756 2154 co-

270 2188 405 2229 rollae
434 2186 605 2236 ferales,
636 2190 683 2227 ut
711 2188 822 2241 apud
839 2188 1026 2243 Alciphr.
1044 2189 1106 2229 111
1135 2189 1214 2229 37:
1244 2181 1496 2243 εἰρεσιώνην
1525 2183 1569 2237 ἐξ
1597 2179 1759 2225 ἀνθῶν
1785 2227 1786 2240 ³

271 2255 470 2310 πλέξασα
508 2253 604 2315 ᾔειν
633 2252 694 2305 εἰς
718 2251 1111 2315 (Ερμαφροὸίτου,
1149 2256 1209 2316 τῷ
1234 2255 1558 2309 Ἀλωπεκῆθεν
1590 2251 1758 2306 ταύτην

271 2323 592 2379 ἆναθήσουσα.
646 2352 704 2359 -—-
761 2330 835 2372 Vs.
873 2332 901 2371 2
945 2331 1095 2372 Suidas
1142 2333 1184 2370 et
1227 2330 1530 2371 Grammaticus
1576 2327 1758 2369 Bekkeri

274 2397 542 2448 ἐπελθόντες
556 2400 651 2442 h.e.
668 2400 1014 2453 accedente-eret
1043 2415 1186 2443 eorum
1214 2415 1314 2460 aras
1344 2403 1556 2451 obeuntes,
1586 2411 1761 2453 quarum

274 2476 318 2516 in
349 2471 694 2515 antecedentibus
721 2471 832 2512 facta
860 2473 994 2514 fuisse
1022 2473 1187 2513 videtur
1215 2474 1385 2514 mentio.
1417 2471 1603 2514 Praetuli
1621 2475 1758 2511 tamen

273 2558 369 2587 cum
399 2545 642 2586 Hermanno
671 2543 825 2596 Opusc.
857 2543 896 2586 V
927 2557 969 2598 p.
999 2545 1084 2586 292
1114 2543 1226 2597 quod
1258 2544 1442 2599 Etymol.
1470 2543 1596 2583 habet
1624 2535 1758 2579 ἀπελ-

365 2692 401 2735 *)
427 2692 526 2727 Quae
549 2691 678 2724 ibidem
704 2693 862 2734 teguntur
886 2689 945 2724 lin.
970 2691 1029 2725 31.
1058 2686 1339 2733 ’ΛγλιιἹέσαιῖ
1371 2686 1481 2724 οὕτως
1506 2682 1681 2726 Εὔπολις,
1715 2685 1759 2720 ad

273 2751 421 2787 eundem
445 2750 623 2798 Eupolidis
648 2754 760 2785 locum
785 2754 952 2795 spectant.
1002 2751 1227 2785 Scribendum
1255 2749 1358 2790 enim,
1386 2745 1606 2793 Ἀγῆλαιε
1633 2743 1758 2791 ἀγλαΐ-

274 2824 343 2846 σαι.
392 2807 504 2851 οὕτως
527 2808 698 2850 Εὔπολιξ.
