1786 3210
201 154 287 200 456
802 155 1109 198 EUPOLIDIS

203 272 329 314 bulae
356 271 638 312 indicantibus
668 270 802 320 (Hist.
836 270 928 311 crit.
947 269 974 310 1.
993 269 1044 321 1.)
1075 269 1230 311 addere
1259 269 1401 312 licebit
1427 270 1694 313 scholiastam

204 344 436 398 Aphthonii
466 344 509 384 in
541 342 689 384 Walzii
720 342 846 383 Rhet.
876 355 919 394 p.
951 341 1058 381 646:
1095 335 1376 395 Ἀριστείδης
1416 339 1558 382 πολλὰ
1595 342 1694 397 περὶ

207 411 514 467 δημοκρατίας
543 411 798 466 δημηγορεῖ.
829 407 968 452 ταύτὸ
998 410 1046 451 δὲ
1077 410 1208 452 τοῦτο
1239 412 1314 453 καὶ
1346 408 1579 462 ὸΕὔπολις
1598 412 1696 469 περὶ

205 483 410 543 παλαιῶν
439 480 595 537 δήμων
623 478 807 538 γράφων
837 479 1060 532 πεποίηκε.

943 637 975 675 1.

332 752 582 808 Τοιγαροῦν
611 749 756 802 οὐδεὶς
785 751 1033 810 στρατηγὸς
1061 752 1107 806 ἐξ
1135 751 1302 796 ἐκείνου
1331 753 1410 796 τοῦ
1435 751 1599 812 χρόνου

323 835 543 892 ἐδύναθ’,
573 832 722 894 ῶσπερ
750 837 996 894 μειαγωγὸς
1026 836 1183 881 ἑστιῶν
1240 843 1260 864 *
1319 844 1339 866 *
1398 844 1418 866 *
1477 845 1497 866 *

283 926 344 952 ⁶*
403 928 424 950 ⁴¹
484 927 503 951 ¹⁸¹
561 923 639 976 τῆς
670 923 799 966 τοῦδε
829 923 952 978 νίκης
983 922 1152 967 πλείον’
1186 922 1364 968 ἑλκύσαι
1394 923 1624 982 σταθμόν.
1654 914 1656 916 V

330 1056 611 1108 Harpocratio
643 1069 685 1108 p.
717 1055 801 1096 125
833 1057 912 1096 13:
955 1055 1054 1111 περὶ
1094 1054 1140 1095 δὲ
1176 1053 1257 1096 τοῦ
1282 1054 1534 1110 μειαγώγοῦ
1561 1052 1710 1098 Εὔπο-

213 1125 282 1175 λις
308 1125 356 1167 ἐν
385 1121 553 1180 Δήμοις
591 1123 842 1180 Τοιγαροῦν
871 1124 1017 1175 οὐδεὶς
1046 1125 1138 1168 κτλ.
1199 1129 1261 1168 De
1291 1128 1498 1169 Miltiadis
1535 1127 1709 1170 victoria

214 1197 481 1241 Marathonia
519 1198 626 1238 haec
667 1198 980 1250 interpretanda
1029 1212 1122 1239 esse
1171 1213 1253 1239 non
1292 1199 1403 1252 fugit
1439 1200 1708 1242 Runkelium.

216 1270 290 1312 Vs.
319 1271 340 1309 l
374 1263 530 1317 οὐδείς,
561 1269 673 1322 quod
705 1270 801 1309 libri
831 1270 989 1310 habent
1018 1276 1112 1323 post
1137 1266 1313 1324 χρόνον,
1343 1271 1428 1310 hue
1457 1272 1712 1325 transposuit

219 1340 469 1383 Gronovius.
516 1358 572 1367 ·--
631 1341 702 1382 Vs.
734 1341 760 1380 2
805 1336 994 1381 ἐδύνατο
1033 1343 1238 1396 Bergkius
1271 1343 1504 1383 Comment.
1535 1356 1576 1396 p.
1607 1343 1709 1385 348.

219 1409 410 1452 δύναται
439 1412 549 1462 libri,
581 1406 756 1451 δύναιτ’
790 1408 846 1452 ἄν
872 1414 1121 1465 Gronovius,
1153 1415 1224 1467 qui
1248 1413 1300 1454 ad
1330 1414 1542 1456 trimetros
1573 1414 1711 1455 locum

162 1482 165 1485 ’
219 1484 431 1526 revocavit
460 1483 544 1524 hoc
575 1484 726 1524 modo:

1136 1551 1376 1608 τοιγαροῦν

453 1619 598 1673 οὐδεὶς
630 1621 876 1679 στρατηγὸς
906 1623 951 1677 ἐξ
982 1621 1148 1666 ἐκείνου
1176 1623 1259 1674 τοῦ,
1283 1620 1448 1679 χρόνου

457 1690 632 1736 δύναιτ’
667 1691 723 1736 ἂν
751 1689 900 1752 ῶσπερ
929 1695 1174 1751 μειαγωγὸς
1204 1694 1362 1738 ἑστιῶν

453 1764 532 1817 τῆς
562 1765 690 1807 τοῦδε
721 1763 843 1819 νίκης
871 1767 963 1811 κτλ.

228 1840 314 1883 Sed
343 1852 422 1881 nee
452 1836 690 1894 τοιγαροῦν
715 1841 837 1882 bene
876 1842 1046 1895 ponitur
1082 1841 1162 1882 nisi
1200 1841 1242 1882 in
1273 1852 1420 1882 versus
1457 1838 1599 1888 initio,
1639 1849 1718 1878 nee

229 1906 407 1952 δύναιτ’
439 1903 501 1950 ἂν
534 1915 678 1964 aptum
715 1916 780 1952 est
817 1917 991 1966 propter
1029 1909 1075 1963 ἐξ
1111 1908 1276 1953 ἐκείνου
1305 1908 1386 1952 τοῦ
1410 1905 1601 1965 χρόνου.·
1652 1908 1720 1955 Ad

231 1983 467 2025 trochaicus
505 1994 702 2023 numeros
740 1983 882 2024 locum
921 1985 1134 2027 revocavit
1164 1985 1289 2026 etiam
1318 1984 1537 2025 Dobraeus
1564 1981 1669 2024 Adv.
1699 1980 1720 2021 Ι

232 2068 274 2110 p.
306 2054 392 2095 587
422 2052 506 2093 itaz

287 2151 346 2158 --
374 2137 402 2165 v
429 2119 666 2178 τοιγαροῦν
695 2121 943 2178 στρατηγὸς
973 2123 1018 2176 ἐξ
1047 2121 1217 2166 ἐκείνου
1244 2122 1326 2165 τοῦ
1349 2118 1514 2178 χρόνου

290 2191 392 2236 οὐδὲ
429 2186 491 2243 εἷς
527 2195 624 2246 (vel
652 2190 755 2234 οὐδ’
786 2190 841 2235 ἂν
872 2189 962 2249 εἷς)
1000 2192 1175 2237 δύναιτ’
1208 2191 1266 2236 ἂν
1293 2188 1442 2251 ὥσπερ
1479 2188 1726 2248 μειαγωγὸς

1030 2266 1186 2309 ἑστιῶν

293 2333 398 2389 [τὴν
427 2331 606 2388 πόλιν],
636 2334 714 2387 τῆς
742 2335 870 2377 τοῦδε
900 2334 1022 2389 νίκης
1051 2335 1223 2380 πλείον’
1257 2332 1435 2378 ἑλκύσαι
1464 2331 1693 2390 σταθμόν.

237 2410 373 2459 Recte
401 2410 532 2450 sensit
561 2410 776 2449 Dobraeus
807 2405 985 2461 ἑστιᾶν,
1025 2413 1104 2452 nisi
1143 2411 1348 2451 adiectum
1384 2411 1438 2451 sit
1477 2422 1600 2462 quem
1630 2408 1724 2461 quis

240 2482 377 2535 epulis
409 2480 600 2533 excipiat,
632 2480 714 2519 dici
744 2494 828 2521 non
858 2495 997 2534 posse.
1027 2484 1112 2533 Sed
1142 2483 1250 2522 male
1280 2482 1440 2522 addidit
1470 2477 1554 2529 την
1580 2475 1725 2527 πόλιν,

239 2565 316 2605 pro
347 2564 430 2606 quo
460 2552 599 2605 potius
629 2549 730 2598 τοὺς
760 2547 987 2607 φράτορας
1017 2559 1112 2607 post
1140 2549 1295 2593 ἑστιῶν
1325 2551 1560 2592 addendum
1590 2549 1727 2602 suspi-

242 2634 328 2664 oor.
359 2624 454 2664 Vim
485 2624 804 2676 comparationis
836 2624 987 2664 ducum
1019 2638 1110 2664 cum
1140 2619 1372 2676 μειαγωγιῦ
1401 2621 1580 2662 fortasse
1610 2625 1728 2661 recte

244 2693 443 2746 explicuit
484 2694 663 2746 Ruspius
702 2708 741 2747 p.
772 2695 842 2735 44.
919 2695 1307 2747 „Quemadmodum
1353 2689 1597 2745 μειαγωγός
1643 2704 1727 2732 non

243 2768 383 2820 potest
414 2777 491 2805 nec
523 2765 647 2806 debet
677 2767 786 2807 iusto
808 2766 1040 2819 graviorem
1070 2766 1274 2807 victimam
1306 2765 1357 2806 ad
1387 2766 1531 2819 epulas
1561 2763 1728 2810 afferre.
