1786 3210
251 177 334 220 256
772 170 1180 214 PHEREGRATIS

249 290 450 343 sequutus
486 300 577 329 sum
608 286 846 328 Dobraeum
885 287 938 327 ad
976 283 1192 337 Aristoph.
1237 283 1347 324 Nub.
1381 283 1468 325 518
1504 288 1547 326 et
1587 286 1631 329 in
1661 287 1747 330 Ad-

250 361 396 402 dendis
427 359 479 400 ad
510 371 605 399 eum
635 359 788 399 locum.
848 356 1093 397 Erfurdtius
1125 356 1302 396 Observ.
1341 354 1394 395 ad
1411 357 1673 400 Athenaeum
1702 359 1747 401 in
1779 377 1786 426 'g

250 433 418 474 Horreo
449 430 690 483 Regimont.
720 442 762 482 p.
793 428 879 468 443
909 428 991 467 ita:

894 492 1168 552 ἐνθρύσκοις
1197 495 1273 536 καὶ
1303 493 1544 552 βρακάνοις

333 572 408 614 καὶ
438 563 705 624 στραβήλοις
735 564 832 616 ζῆν·
868 562 1041 609 ὁπόταν
1072 562 1122 607 δ’
1157 562 1245 618 ἤδη
1278 567 1461 610 πεινῶσι
1489 564 1686 626 σφόδρα,

330 639 521 696 ὡσπερεὶ
551 637 654 686 τοὺς
683 633 976 687 πουλύποδας
1036 642 1055 662 *
1115 640 1135 662 *
1197 641 1216 662 *
1275 643 1295 666 *
1352 644 1372 666 *

334 718 352 739 *
413 716 431 736 *
490 706 662 766 νύκτωρ
693 706 976 765 περιτρώγειν
1006 706 1154 751 αὐτῶν
1185 706 1286 759 τοὺς
1316 708 1572 760 δακτύλους.

247 786 332 830 Sed
363 778 589 839 βράκανον
617 782 795 835 primam
826 784 1028 836 syllabam
1059 784 1245 836 corripit.
1306 785 1418 827 Vs.l
1451 778 1743 839 ἐνθρύσκοισι

247 858 333 901 ΑΒ.
371 849 671 908 (ἐνθρύσκοισι
699 853 825 896 PVL.
862 880 919 887 ——
956 855 1029 897 Vs.
1061 855 1088 895 2
1127 849 1389 908 στροβύλοις
1418 856 1487 907 L„
1510 857 1741 910 Respicere

245 930 348 970 haec
374 927 539 967 videtur
573 925 722 965 Pollux
753 925 812 967 V1
844 924 924 966 45:
954 922 1034 974 τὰς
1065 923 1111 965 δὲ
1141 921 1379 976 κοτινάδας
1407 914 1542 975 ἐλάας
1573 939 1742 982 τραμ-

245 994 462 1054 βήλους
491 990 700 1049 ὠνόμασε
736 991 1026 1051 Φερεκράτης,
1055 998 1127 1038 ubi
1159 1011 1209 1039 ex
1242 999 1335 1040 cod.
1369 999 1578 1053 lungerm.
1603 996 1741 1040 ”corri-

244 1071 426 1127 gendum
457 1063 828 1123 στραβήλους.
861 1070 938 1110 Est
967 1070 1097 1123 igitur
1116 1071 1318 1111 olivarum
1345 1084 1478 1125 genus
1497 1071 1739 1124 agrestium.

243 1144 357 1187 Alias
375 1136 624 1195 στράβηλος
644 1139 897 1181 concharum
923 1154 1055 1194 genus
1079 1146 1164 1193 est3
1196 1146 1320 1195 atque
1338 1144 1395 1183 ita
1411 1143 1741 1196 interpretantur

245 1216 370 1257 etiam
407 1214 450 1254 in
483 1211 749 1253 Pherecratis
781 1212 899 1262 loco,
941 1214 1008 1252 cui
1048 1216 1190 1254 tamen
1229 1226 1278 1253 ea
1316 1227 1439 1266 quam
1481 1227 1532 1255 ex
1563 1214 1740 1255 Polluce

244 1287 427 1328 eruimus
459 1283 709 1338 significatio
742 1283 874 1323 multo
904 1284 1055 1324 melius
1083 1284 1307 1325 convenire
1327 1283 1504 1324 videtur.
1534 1311 1590 1318 —
1623 1285 1740 1328 Vs.4

240 1353 406 1411 ώσπερὶ
436 1358 486 1398 Α.
516 1350 576 1403 ώς
607 1352 706 1407 περὶ
737 1355 786 1395 Β.
817 1349 1105 1402 πουλύποδας
1131 1369 1208 1409 pro
1240 1349 1499 1404 πολύποδας
1522 1357 1738 1411 Schweig-

241 1430 488 1469 haeuserus.
533 1427 693 1467 Locum
724 1426 999 1479 anapaesticis
1031 1428 1219 1469 versibus
1250 1427 1380 1468 latine
1410 1429 1612 1482 expressit
1629 1429 1736 1470 Gro-

242 1501 325 1541 tius
354 1496 576 1552 Excerptis
606 1511 648 1551 p.
679 1497 762 1537 511
794 1497 874 1536 ita:

584 1569 719 1610 Duris
750 1568 924 1617 cinaris,
956 1567 1164 1623 olerisque
1184 1570 1279 1622 seri

578 1642 721 1681 vivere
750 1652 873 1681 succo
883 1654 900 1688 ;
930 1652 1135 1694 quumque
1166 1642 1328 1681 esuries

581 1714 752 1752 saevior
780 1715 919 1765 urget,
943 1711 1195 1765 polyporum
1226 1713 1367 1753 instar

586 1784 750 1838 digitos
779 1784 865 1823 siha·
894 1783 1046 1827 rodere
1075 1789 1219 1823 noctu.

244 1849 361 1909 Quae
391 1854 643 1908 perelegans
676 1859 741 1900 est
772 1854 1010 1904 translatio,
1043 1855 1120 1895 nisi
1152 1854 1262 1906 quod
1292 1854 1334 1894 in
1357 1853 1536 1908 polypus
1560 1854 1736 1908 primam
1785 1857 1786 1869 ³

245 1928 447 1981 syllabam
479 1925 682 1979 corripuit
713 1926 775 1965 vir
805 1938 1014 1975 summus,
1052 1939 1173 1977 quam
1216 1927 1330 1967 latini
1361 1932 1512 1980 poetae
1543 1930 1736 1967 const-an-

243 2003 309 2038 ter
340 1998 589 2051 producunt,
621 1996 822 2037 aeolicam
852 1997 914 2036 illi
943 1997 1147 2047 formam,
1178 2010 1284 2049 quae
1313 1993 1520 2044 πώλυπος
1551 2002 1637 2047 est,
1667 2010 1735 2038 se-

243 2073 435 2122 quentes.
496 2068 676 2109 Fallitur
713 2067 988 2108 Heindorfius
1030 2068 1082 2107 ad
1119 2068 1284 2108 Horatii
1312 2069 1399 2109 Sat.
1431 2068 1549 2109 140.
1611 2069 1736 2109 Cete-

240 2153 333 2181 rum
366 2141 431 2180 his
463 2140 649 2180 versibus
690 2139 877 2178 ferorum
918 2139 1086 2178 illorum
1124 2138 1338 2179 hominum
1367 2139 1521 2179 victum
1557 2139 1736 2180 describi

241 2211 507 2252 manifestum
547 2215 639 2260 est,
685 2210 930 2263 monuitque
969 2210 1022 2250 de
1068 2223 1116 2249 ea
1163 2223 1210 2251 re
1249 2211 1374 2251 etiam
1412 2211 1492 2251 Th.
1530 2211 1734 2264 Bergkius

242 2283 479 2323 Comment.
509 2296 551 2335 p.
583 2282 682 2331 303,
715 2281 785 2334 qui
815 2282 1005 2322 lacunam
1036 2282 1178 2333 quinto
1211 2294 1333 2322 versu
1361 2281 1418 2322 ita
1448 2282 1650 2335 explevit,
1687 2284 1734 2322 ut

241 2352 352 2395 inter
381 2347 550 2408 νύκτωρ
581 2359 622 2394 et
647 2349 927 2409 περιτρώγειν
942 2352 1205 2407 participium
1235 2342 1486 2400 ἀνστάντοῖς
1514 2353 1732 2393 insereret.

955 2467 1030 2507 111.

1003 2547 1085 2601 Μὴ
1116 2546 1386 2606 θαυμάσῃς·

385 2630 472 2673 ταῖν
500 2630 584 2689 γὰρ
612 2631 876 2691 προτενθῶν
905 2632 1059 2689 ἐσμεν·
1104 2629 1205 2674 ἀλλ’
1239 2630 1318 2675 οὐκ
1348 2623 1496 2675 οἶσθα
1521 2629 1590 2674 σύ.

355 2718 598 2761 Athenaeus
627 2720 686 2763 IV
716 2735 758 2775 p.
790 2720 871 2762 171
891 2721 942 2762 d:
985 2715 1252 2774 μνημονεύει
1281 2715 1430 2761 αὐτῶν
1460 2717 1737 2777 (προτένθας

244 2789 376 2843 dicit)
423 2787 503 2830 καὶ
551 2786 826 2847 Φερεκράτης
866 2788 914 2831 ἐν
953 2785 1178 2849 Ἀγρίοις·
1225 2787 1308 2842 ,Μὴ
1352 2787 1601 2849 θαυμάσῃς
1642 2789 1734 2834 κτλ.
