1786 3210
702 168 957 216 HOAEIE.
1487 161 1582 217 300

810 343 867 383 11.

687 420 817 478 Αὕτη
851 422 977 478 Χίος,
1007 421 1119 476 καλὴ
1149 420 1277 475 πόλις
1334 429 1353 450 *
1412 433 1432 454 ·
1490 432 1508 456 *

149 515 310 572 πέμπει
338 513 422 571 γὰρ
451 511 556 569 ἡμῖν
586 512 692 563 ναῦς
721 510 894 568 μακρὰς
923 508 1090 569 ἄνδρας
1120 508 1180 553 θ’
1210 505 1321 553 ὅταν
1351 509 1502 572 δεήσῃ,

147 603 222 644 καὶ
252 598 395 643 τᾶλλα
424 599 667 656 πειθαρχεῖ
689 597 845 650 καλῶς,
876 594 1097 650 {inflas->erog
1125 591 1275 655 ὥσπερ
1304 595 1456 650 ἵππος.

203 718 435 759 Scholiasta
467 717 680 769 Aristoph.
713 717 787 756 Av.
819 715 927 755 881:
969 712 1081 766 λέγει
1120 712 1167 754 δὲ
1205 714 1302 769 περὶ
1341 713 1417 764 τῆς
1462 711 1581 757 Χίου

91 780 168 828 καὶ
194 783 389 836 Εὔπολις
419 786 466 828 ἐν
500 785 694 827 Πόλεσιν
708 778 834 835 Αὕτη
870 783 983 833 Χίος
1013 782 1124 835 καλὴ
1156 783 1286 834 πόλις
1315 785 1405 826 κτλ.
1466 788 1577 830 Vs.1

91 854 273 915 πάρεστι
312 862 533 914 supplebat
576 862 844 901 Hermannus
877 859 1031 911 Opusc.
1064 859 1101 900 V
1131 872 1172 911 p.
1204 857 1302 899 295.
1345 884 1401 891 —
1450 859 1522 900 Vs.
1553 858 1581 900 3

89 926 310 981 ἄπληκτος
338 920 485 979 ἵππος.
556 934 664 985 Apte
696 930 876 982 Raspius
911 933 1123 982 comparat
1154 929 1379 969 Pindarum
1411 930 1579 984 Olymp.

91 1002 111 1043 1
140 1004 210 1044 20.
241 999 378 1055 δέμας
406 998 646 1052 ἀκέντητον
674 999 721 1041 ἐν
752 996 957 1054 δρόμοισι
987 998 1202 1054 παρέχων.
1242 1001 1327 1042 Ubi
1343 1001 1580 1043 Boeckhius

88 1073 212 1114 affert
241 1074 405 1116 Platon.
436 1075 618 1115 Phaedr.
649 1088 690 1127 p.
720 1074 805 1114 253
821 1073 861 1114 d.
902 1067 1125 1123 ἄπληκτος
1153 1064 1291 1120 ἵππος
1318 1067 1582 1127 κελεύσματι

88 1137 228 1198 μόνον
257 1142 333 1185 καὶ
362 1140 477 1202 λόγῳ
506 1139 830 1198 ἡνιοχούμενος.

801 1258 875 1299 111.

289 1343 609 1400 Πεφοτευμένη
640 1339 690 1383 δ’
724 1335 838 1393 αὕτη
866 1338 986 1383 ’στὶν
1013 1336 1043 1392 ἢ
1074 1337 1187 1397 ψιλὴ
1218 1337 1378 1397 μόνους

204 1444 380 1487 Photius
419 1447 518 1488 Lex.
556 1460 596 1500 p.
629 1445 726 1486 654.
779 1439 894 1492 Ψιλή
937 1440 1018 1496 γῆς
1079 1437 1104 1492 ἡ
1150 1438 1212 1495 μὴ
1256 1442 1578 1499 πεφυτευμένη.

87 1513 407 1571 Πεφυτευμένη
438 1545 493 1552 -
522 1511 675 1571 μόνον.
705 1510 914 1555 Πόλεσιν.
975 1516 1112 1559 Recte
1142 1509 1249 1556 haee
1278 1516 1330 1557 ad
1357 1517 1578 1571 Eupolidi-

87 1587 271 1630 fabulam
315 1589 477 1629 rettulit
528 1589 754 1629 Porsonus.
827 1587 916 1627 Nec
954 1586 1005 1626 ab
1048 1586 1204 1639 Raspio
1245 1586 1460 1639 dissentio,
1506 1589 1577 1642 qui

88 1658 372 1713 fragmentum
402 1660 454 1700 ad
485 1659 658 1700 eandem
690 1658 812 1707 hanc,
845 1671 895 1698 ex
926 1670 1007 1711 qua
1037 1658 1279 1710 superiora,
1310 1664 1476 1700 scenam
1508 1673 1578 1700 re-

92 1731 256 1772 vocavit
285 1745 327 1784 p.
347 1733 402 1773 87
433 1731 475 1772 in
505 1731 590 1771 fine
621 1743 764 1770 versus
794 1730 995 1782 supplens
1026 1724 1203 1783 φράσον
1231 1741 1324 1782 μοι.
1381 1733 1466 1772 Aut
1495 1730 1575 1772 fal·

91 1801 157 1842 lor
185 1805 257 1842 aut
286 1802 366 1843 alia
401 1803 526 1843 etiam
555 1802 624 1842 hic
653 1802 755 1841 latet
792 1801 1054 1854 corruptela:
1083 1795 1229 1853 μόνον
1258 1801 1369 1842 enim
1399 1802 1578 1844 mirifice

89 1871 274 1926 languet.
333 1874 608 1928 Suspicabar:
649 1870 951 1927 πεφυτευμένη
991 1868 1042 1911 δ’
1072 1863 1186 1922 αὕτη
1227 1867 1363 1922 ’στίνς
1403 1870 1460 1915 Β.
1497 1868 1578 1913 οὔ·

87 1939 202 1997 ψιλὴ
229 1944 310 1997 μὲν
339 1932 420 1984 οὗν
452 1937 672 1996 [ἁ’πασα].
715 1945 829 1985 -Sive
858 1944 998 1984 malis:
1043 1941 1348 1998 πεφυτευμένη
1379 1937 1430 1982 δ’
1463 1935 1580 1996 αὕτη

83 2009 200 2056 ’στὶν
225 2008 255 2065 ἢ
284 2010 552 2070 ’ψιλωμένης
583 2010 787 2070 [φράσον
810 2016 930 2068 μοι].
963 2016 1161 2059 Stet-ilem
1187 2016 1368 2068 aliquam
1398 2015 1578 2058 insulam

88 2086 230 2128 dicere
245 2088 410 2129 videtur
423 2088 749 2130 Atheniensibus
765 2087 1039 2137 foederatam,
1053 2099 1090 2128 v.
1102 2099 1138 2128 e.
1153 2087 1390 2140 Seriphum.
1423 2089 1579 2128 Exem-

88 2158 159 2212 pla
176 2159 438 2212 scriptorum,
468 2161 509 2200 in
527 2160 677 2213 quibus
698 2156 754 2212 γῆ
785 2157 1090 2212 πεφυτευμένη
1117 2162 1160 2199 et
1174 2155 1284 2210 ψιλὴ
1307 2163 1378 2199 aut
1404 2158 1578 2199 coniun-

89 2232 246 2282 guntur
274 2235 346 2270 aut
373 2231 454 2271 sibi
485 2234 768 2283 opponuntur,
788 2231 1001 2271 Por-sonus
1032 2235 1074 2270 et
1089 2230 1303 2271 Dobraeus
1333 2230 1576 2280 attuleruut,

91 2311 142 2340 ex
172 2299 388 2342 Demosth.
420 2301 585 2354 Leptin.
617 2315 657 2354 p.
689 2301 771 2340 4⁰1
804 2301 874 2341 27.
935 2300 1172 2341 Themistio
1211 2301 1284 2341 Or.
1317 2300 1355 2340 ΙΙ
1395 2314 1435 2355 p.
1466 2301 1522 2341 28
1538 2313 1576 2342 c.

90 2369 233 2412 xxm
264 2386 307 2427 p.
338 2373 463 2415 2980
491 2377 534 2413 et
566 2372 738 2413 Libanio
773 2372 788 2412 1
820 2386 861 2426 p.
891 2372 972 2412 611
1005 2372 1106 2413 Rsk.

804 2485 874 2529 1v.

202 2578 481 2632 Harpocratio
498 2592 539 2633 p.
557 2578 610 2618 14
640 2578 720 2618 22:
748 2571 1075 2630 μνημονεύουσι
1106 2573 1152 2615 δὲ
1182 2574 1226 2616 οἱ
1256 2573 1440 2628 κωμικοὶ
1470 2573 1577 2615 πολ-

92 2642 211 2698 λάκις
242 2647 327 2689 τῶν
356 2644 709 2703 ἀμοργίνων,
739 2642 797 2696 ώς
826 2646 902 2687 καὶ
930 2642 1265 2703 ’Λριστοᾳάνης
1289 2641 1576 2703 Λυσιστράτῃ

94 2717 168 2758 καὶ
195 2715 387 2768 Εὔπολις
418 2716 627 2761 Πόλεσιν.
696 2720 829 2763 Valde
868 2720 1095 2773 probabilis
1134 2719 1280 2773 Raspii
1309 2733 1349 2772 p.
1379 2719 1437 2759 88
1476 2731 1576 2759 con-

95 2789 253 2833 iectura
284 2795 361 2843 eat,
390 2793 628 2848 amorginas
660 2795 800 2834 vestes
831 2791 883 2832 ad
902 2792 1130 2846 Amorgum
1161 2791 1337 2834 insulam
1369 2793 1574 2844 spectare.
