1786 3210
1693 35 1713 50 u
1748 39 1750 43 >
1760 51 1770 63 ’.4

1780 108 1786 134 '2

250 198 334 244 120
886 190 1122 235 cums!

249 306 330 353 τὸν
355 303 564 367 ἐπῄνεσεν
593 307 640 350 ἐν
671 304 724 366 τῇ
752 302 929 363 Πυτίνῃ
949 301 1101 362 ’Ἁναξ
1121 299 1358 344 ’Ἄπολλον
1386 301 1476 345 κτλ.
1522 306 1588 346 Ex
1617 305 1739 347 ucho·
1758 324 1786 359 χ

250 383 372 424 liasta
402 382 528 422 habet
558 381 706 422 Suidas
736 394 774 420 v.
807 373 998 431 ἀφέλεια
1026 377 1107 417 vol.
1142 376 1160 416 Ι
1189 390 1230 430 p.
1263 377 1347 417 393
1385 380 1428 417 et
1465 391 1502 419 v.
1544 372 1741 417 δωδεκά-
1782 372 1786 418 ἶ

251 464 438 508 κρουνον
484 452 584 493 ibid.
629 465 669 504 p.
709 452 806 490 622.
881 450 990 489 Tres
1033 448 1195 501 priores
1237 456 1384 490 versus
1429 450 1569 491 attulit
1614 451 1742 492 etiam
1783 445 1786 474 ἐ

253 525 430 568 Tzetzes
462 524 570 565 Chil.
603 523 703 565 V111
736 522 819 562 184
851 525 894 561 et
923 522 1055 574 Exeg.
1089 521 1207 562 Iliad.
1240 536 1279 576 p.
1314 523 1382 564 12.
1428 520 1524 562 Καὶ
1554 517 1638 576 γὰρ
1666 521 1752 562 κοιὶι

252 594 477 650 ’Κρατῖνος
508 589 540 633 ’ὁ
577 590 767 644 κωμικὸς
798 586 1012 632 Εἰλισσον
1049 588 1209 632 ἑαυτὸν
1250 588 1470 634 ἀποκαλεῖ
1500 578 1765 652 ’κᾴὶᾼδωδξέ

255 664 497 723 κάκρουνον
527 660 673 717 στόμα
705 662 796 705 κτλ.
868 666 941 707 Vs.
975 665 997 705 1
1033 666 1222 718 Toupius
1253 668 1461 708 scribebat
1489 651 1646 718 ῖ,Ωναξ
1676 649 1744 709 oli.

256 741 383 782 Arist.
415 740 510 778 Pac.
543 738 649 778 238:
696 725 818 787 ὦναξ,
847 731 1083 776 ”Απολλον
1123 735 1201 786 τῆς
1228 734 1391 786 θυείας
1421 735 1501 788 τοῦ
1539 734 1746 787 πλάτους.

256 813 358 853 Mox
392 805 632 849 Ἀπόλλων
663 810 842 850 Tzetzes
883 813 926 850 et
956 810 1038 851 Th.
1070 810 1276 863 Bergkius
1309 812 1545 854 Comment.
1575 826 1616 865 p.
1648 812 1748 853 2⁰4.

257 884 341 924 Pro
371 879 458 921 τῶν
489 875 718 937 ῥευμάτων
748 883 896 924 Suidas
926 883 1177 924 Bernhardii
1207 887 1388 937 utroque
1419 885 1511 924 loco
1543 880 1624 923 τοῦ
1653 878 1750 940 ῥεύ-

256 968 410 1009 ματος,
423 948 429 953 ”
444 954 554 1008 quod
585 954 765 995 fortasse
796 959 994 1008 praestat.
1043 980 1093 986 —-
1142 957 1214 999 Vs.
1245 958 1277 1013 2,
1309 953 1554 1010 καναχοῦσι
1584 957 1750 1010 Suidas.

259 1027 400 1070 Schol.
442 1031 485 1067 et
527 1026 706 1067 Tzetzes
747 1028 790 1068 in
821 1028 953 1080 Exeg.
994 1025 1241 1082 καναχῶσι,
1277 1029 1320 1069 in
1361 1028 1470 1070 Chii.
1510 1025 1751 1085 xatoezcffoq.

260 1099 421 1141 Ibidem
453 1094 504 1138 τὸ
535 1102 631 1139 ante
661 1093 809 1151 στόμα
839 1100 1025 1140 additum
1057 1114 1080 1141 a
1111 1100 1297 1146 Porsono
1329 1101 1440 1156 opud
1470 1086 1668 1142 Kiddium
1699 1100 1752 1153 ad

261 1172 427 1214 Davesii
465 1171 588 1212 Misc.
619 1185 661 1224 p.
693 1172 791 1213 356.
858 1173 1048 1226 Reisigio
1091 1174 1279 1214 Coniect.
1319 1188 1360 1227 p.
1392 1174 1475 1214 126
1515 1174 1627 1215 aliis..
1679 1166 1753 1215 Al-

261 1245 410 1285 ludere
441 1248 581 1284 autem
610 1244 677 1284 his
716 1245 856 1284 verbis
897 1246 1113 1286 Cratinum
1144 1246 1196 1285 ad
1234 1245 1397 1286 fontem
1428 1247 1754 1302 Enneacrunum

262 1318 305 1359 in
336 1315 556 1370 propatulo
590 1319 665 1357 est.
733 1317 843 1356 Eum
883 1316 1066 1366 fontem,
1105 1317 1285 1369 antiquis
1316 1317 1575 1371 temporibus
1606 1316 1755 1373 Callir-

265 1389 400 1431 rhoen
434 1389 591 1428 dictum
622 1388 684 1439 *),
726 1393 873 1441 postea
906 1388 1260 1429 Pisistratidarum
1292 1402 1421 1443 opera
1452 1389 1602 1429 eximie
1633 1401 1756 1444 orne·
1783 1429 1786 1433 ,

265 1466 355 1503 tum
372 1464 545 1514 propter
575 1473 725 1501 novem
757 1462 879 1501 tubos
911 1473 1037 1513 aquas
1068 1448 1377 1514 limpidissimas
1407 1461 1647 1502 emittentes
1671 1460 1757 1518 En-

267 1545 525 1575 neacrunum
554 1537 747 1572 vocatum
789 1545 903 1582 esse,
943 1533 1085 1573 multis
1116 1533 1343 1574 multorum
1374 1535 1538 1573 constat
1568 1532 1758 1572 testimo-

269 1605 372 1655 niis,
413 1618 519 1657 quae
562 1605 785 1657 diligenter
823 1606 1058 1658 composuit
1088 1606 1300 1646 Meursius
1332 1606 1496 1647 ceram.
1536 1617 1628 1658 cap.
1649 1603 1781 1646 -x1V1

271 1683 313 1720 et
344 1676 628 1721 Schneiderus
659 1676 710 1718 ad
741 1677 902 1719 Vitruv.
926 1677 1025 1718 V111
1055 1678 1082 1716 3
1114 1678 1153 1718 6.
1223 1678 1285 1717 De
1325 1678 1414 1718 eius
1454 1677 1535 1718 situ
1567 1678 1760 1716 accurate

272 1749 463 1804 exposuit
477 1750 615 1790 Leake
639 1749 824 1801 Topogr.
857 1749 906 1801 os
920 1749 1081 1791 Athens
1111 1748 1219 1802 p.45
1236 1762 1324 1802 sqq.
1356 1749 1468 1790 Huic
1496 1748 1624 1803 igitur
1653 1747 1763 1789 fonti

274 1835 324 1863 ex
365 1835 515 1864 novem
553 1820 704 1861 fistulis
749 1822 984 1873 erumpenti
1022 1822 1092 1873 qui
1142 1821 1227 1861 oris
1277 1821 1342 1860 sui
1381 1820 1681 1862 facunditatem
1720 1826 1763 1862 et

275 1893 393 1948 quasi
424 1893 579 1933 fiumen
620 1883 831 1944 comparat
863 1893 1079 1943 Cratinus,
1119 1893 1274 1933 comica
1315 1892 1637 1946 exaggeratione
1678 1890 1765 1932 δω-

276 1959 566 2018 δεκάκρουνον
597 1959 745 2017 στόμα
775 1965 854 2004 sibi
884 1964 1042 2004 tribuit.
1110 1965 1302 2004 Fuerunt
1341 1968 1480 2004 tamen
1522 1964 1592 2016 qui
1622 1977 1672 2004 ex
1700 1964 1765 2004 rei

277 2037 453 2077 veritate
486 2037 700 2076 Cratinum
731 2036 951 2088 loquutum
983 2036 1080 2075 esse
1107 2038 1316 2088 putarent.
1385 2036 1623 2077 Accessisse
1655 2035 1765 2076 enim

278 2109 412 2149 videri
441 2113 587 2161 postea
625 2111 710 2147 tres
749 2107 1049 2160 scaturigines,
1087 2110 1134 2146 ut
1169 2108 1261 2146 iure
1292 2102 1644 2160 δωδεκάκρουνος
1683 2106 1768 2147 dici

280 2180 465 2235 potuerit
507 2180 578 2232 qui
620 2180 771 2219 ceteris
808 2174 1116 2232 ἐννεάκρουνος
1156 2178 1404 2231 appelletur.
1471 2180 1635 2220 Horum
1671 2191 1767 2219 sen-

281 2252 455 2293 tentiam
495 2251 754 2292 Fritzschius
786 2252 956 2304 Quaest.
989 2250 1199 2304 Aristoph.
1232 2250 1250 2290 Ι
1279 2264 1320 2304 p.
1352 2250 1437 2292 277
1474 2252 1531 2292 ita
1569 2255 1769 2304 sequutus

375 2416 407 2460 ”)
437 2415 519 2449 Non
547 2418 666 2448 tamen
700 2415 801 2459 plane
831 2415 1001 2450 obsolevit
1023 2417 1147 2460 postea
1176 2414 1392 2450 Callirrhoes
1425 2425 1571 2457 nomen,
1603 2411 1695 2458 quod
1725 2412 1773 2447 ad

285 2477 376 2512 hune
400 2488 507 2521 usqne
533 2476 625 2509 diem
653 2480 825 2510 servatum
851 2487 929 2510 esse
953 2480 1124 2511 testantur
1147 2476 1269 2520 quibus
1292 2478 1369 2511 loca
1391 2476 1450 2510 ina
1473 2475 1588 2510 visere
1612 2473 1769 2518 contigit.

287 2538 507 2574 Callirrhoen
530 2541 565 2571 et
577 2538 834 2571 Enneacrnnon
858 2536 917 2582 qui
941 2536 1096 2571 diversos
1119 2537 1237 2571 fontes
1262 2547 1341 2572 esse
1365 2535 1558 2579 tradiderit,
1580 2547 1684 2571 nemo
1709 2547 1770 2571 co-

289 2599 406 2644 gnitus
421 2603 473 2632 est
489 2602 632 2644 praeter
645 2598 801 2633 Solinum
815 2600 866 2633 IX
889 2599 994 2643 p.,l7,
1019 2599 1049 2633 si
1080 2603 1196 2633 tamen
1218 2599 1249 2632 is
1273 2610 1356 2634 vere
1380 2598 1520 2643 scripsit
1540 2598 1634 2642 quod
1658 2597 1771 2633 conii—-

292 2660 386 2695 ciunt
421 2658 486 2693 viri
521 2659 632 2693 docti:
669 2663 855 2694 Callirhoen
885 2665 1018 2700 stupent
1042 2664 1175 2701 fontem,
1198 2672 1260 2694 nec
1283 2666 1358 2695 ideo
1382 2665 1626 2702 Enneacruuon
1649 2664 1774 2701 fontem

291 2725 435 2757 alterum
458 2724 569 2753 nullae
592 2726 644 2754 rei
673 2728 856 2755 numerant.
919 2721 1018 2756 Libri
1049 2721 1140 2756 enim
1176 2721 1304 2757 habent
1344 2722 1531 2763 Oroneeon,
1573 2725 1773 2762 Oruuescom

274 2785 492 2826 >crinon-on,
520 2782 716 2815 Oroneacon.
776 2782 965 2818 Praeterea
996 2781 1316 2828 negligentissimus
1350 2779 1499 2830 scriptor
1536 2778 1677 2819 est'iue
1702 2782 1773 2818 So-

293 2845 397 2882 linus.
1667 2844 1671 2849 '
