1786 3210
219 198 306 240 364
778 197 1116 240 TELEGLIDIS

223 307 370 353 σύκων
397 309 556 353 πολλοὶ
591 308 674 367 μὲν
708 310 958 367 μέμνηνται
997 309 1086 353 τῶν
1121 309 1449 369 κωμῳδοποιῶν
1484 341 1539 350 —
1574 315 1712 367 Τηλε-

223 380 396 435 κλείδης
424 382 451 425 δ
460 379 473 394 ’
492 382 540 425 ἐν
567 379 897 440 Ἀμφικτύοσιν
922 380 1012 433 ’.Ως
1041 382 1171 425 καλοὶ
1200 382 1276 424 καὶ
1306 382 1530 440 φιβαλέοι.
1573 389 1711 430 Attica

223 456 358 498 forma
388 456 518 498 fuerit
547 452 759 513 φιβάλεῳ.
800 457 969 498 Monuit
983 456 1422 510 Schweighaeuser-us,
1452 457 1557 498 illud
1587 461 1711 501 etiam

223 532 341 570 recte
371 529 610 578 observans,
644 527 873 568 Teleclidis
899 528 1026 567 verba
1056 540 1138 568 non
1171 529 1224 568 de
1253 528 1417 568 ficubus
1448 529 1530 569 sed.
1554 529 1607 570 de
1635 526 1712 572 ho—

222 601 405 640 minibus
443 598 717 653 intelligenda
756 612 871 648 esse,
911 610 1034 650 quam
1071 599 1114 639 in
1144 612 1234 639 rem
1265 599 1390 639 affert
1420 599 1553 641 schol.
1584 600 1712 642 Arist.

222 671 327 713 Ach.
356 671 466 711 802:
504 668 581 709 καὶ
621 665 722 717 τοὺς
759 661 935 722 ἰσχνοῖς
971 666 1059 708 τῶν
1089 664 1347 724 ἀνθρώπων
1377 665 1581 725 φιβάλεις
1611 670 1713 724 (sio)

223 737 423 782 καλοῦσι.
482 741 566 782 Pro
595 735 655 789 ὥς
683 740 863 782 fortasse
895 741 1121 794 legendum
1158 729 1211 791 ὦ,
1251 745 1298 782 ut
1335 742 1503 796 Fragm.
1543 742 1598 784 11.
1667 742 1714 784 In

224 810 436 868 φιβαλέοι
471 813 648 866 primam
687 812 851 853 videtur
897 816 1023 866 poeta
1059 813 1329 866 produxisse:
1369 813 1449 855 nisi
1477 812 1589 856 forte
1625 817 1713 856 tro-

226 887 359 928 chaici
390 897 535 928 versus
565 883 768 926 habemus
798 884 1009 937 reliquias.

934 998 1006 1041 1V.

223 1070 406 1124 Ἀλλἀἷ
439 1080 621 1124 πάντων
651 1079 801 1129 ἀστῶν
829 1080 991 1140 λῷστοι
1021 1080 1167 1124 σεῖσαι
1196 1081 1272 1123 καὶ
1296 1079 1715 1138 προσκαλέσασθαι,

226 1163 476 1211 παύσασθε
506 1166 640 1211 δικῶν
668 1164 1005 1224 ἀλληλοφάγων.

340 1284 518 1326 Photius
541 1270 650 1325 Lex.
671 1282 815 1338 p.5o4
845 1284 915 1325 25.
945 1281 1127 1324 Σεῖσαιε
1159 1277 1210 1322 τὸ
1240 1277 1596 1337 συκοφαντῆσαι,
1625 1276 1714 1321 ἀπὸ
1770 1277 1777 1331 ᾗ

226 1351 315 1395 τῶν
357 1351 415 1394 τὰ
469 1349 693 1410 ἀκρόδρυα
749 1350 972 1396 σειόντων.
1053 1350 1341 1406 Τηλεκλείδης
1386 1346 1715 1411 Ἀμφικτύοσιν
1773 1341 1777 1387 ἆ

222 1420 377 1474 ῘΑλλ’
406 1421 476 1474 ὦς
505 1421 728 1467 πάντων
756 1422 809 1466 δὲ
840 1424 942 1467 τῶν
971 1423 1174 1484 λῷστοι
1204 1423 1391 1466 σεῖσαι
1421 1423 1515 1465 καὶ
1545 1436 1716 1479 προσ-

227 1495 566 1547 καλεῖ-’σαντες
595 1492 938 1540 παύσασθαι
969 1494 1133 1539 δικῶν
1162 1491 1586 1552 ἆλληλοφάγων.
1617 1496 1714 1540 Non

228 1570 366 1611 minus
396 1574 593 1624 corrupte
625 1570 774 1612 Suidas
805 1584 838 1612 ι.
863 1584 901 1612 v.
944 1567 1106 1614 σεῖσαι.
1167 1569 1358 1612 Correxit
1387 1568 1600 1611 Personus
1630 1568 1714 1610 Mi-

229 1641 346 1684 scell.
376 1654 419 1695 p.
449 1641 548 1683 287.

951 1755 1004 1798 V.

541 1840 881 1902 Δουλοπόνηρον
910 1841 1111 1906 ῥυπαρὸν
1141 1818 1412 1901 σκόλυθρον.

343 1960 495 2002 Pollux
524 1958 566 2000 X
596 1961 705 2002 164:
747 1957 1037 2011 Τηλεκλείδου
1075 1958 1123 2002 ἐν
1154 1953 1488 2015 Ἀμφικτύοσιν
1515 1950 1716 2005 εἰπόντος
1768 1957 1786 1964 ”

229 2025 592 2085 ,,δουλοπόνηρον
620 2028 822 2088 ῥυπαρὸν
851 2028 1135 2087 σκόλυθρον”
1161 2028 1412 2085 κάτοπτρον
1441 2025 1551 2070 ἔνιοι
1578 2020 1716 2068 ἀκού-ψ

230 2114 372 2145 ουσιν.
419 2102 558 2157 Vulgo
587 2097 830 2158 κόλυθρον.
883 2105 987 2146 God.
1017 2105 1244 2146 Falckenb.
1275 2100 1539 2154 σκέλυθρον.
1597 2099 1714 2141 Idem

228 2189 307 2231 pro
345 2168 594 2228 κάτοπτρον
616 2175 759 2225 ,habet
794 2169 1066 2229 κάτυστρον,
1111 2177 1155 2217 in
1193 2188 1275 2228 quo
1317 2174 1431 2216 aliud
1469 2171 1571 2226 quid
1606 2171 1715 2215 latet

232 2260 357 2302 quam
396 2246 509 2299 quod
547 2247 894 2288 Hemsterhusiu·
935 2246 1112 2288 coniecit
1147 2240 1460 2300 καθιστήριον.
1517 2244 1715 2284 Fortasse

230 2317 496 2363 scribendum
514 2311 767 2373 κάναστρον
794 2319 882 2360 sive
911 2313 1172 2372 κάνυστρον,
1203 2330 1325 2371 quam
1356 2317 1535 2357 formam
1565 2327 1618 2357 ex
1646 2326 1716 2356 ca-

230 2392 370 2445 talogo
400 2388 488 2430 τῶν
519 2384 835 2445 δημιοπράτων
865 2390 1093 2444 exsignavit
1123 2390 1272 2432 Pollux
1303 2389 1342 2431 X
1370 2388 1440 2429 86.

942 2514 1017 2556 Vl.

347 2604 582 2647 Scholiasta
610 2605 900 2658 Aristophanis
931 2607 1006 2646 Av.
1037 2605 1146 2644 989:
1175 2596 1418 2655 Σύμμαχος
1448 2596 1495 2638 δὲ
1523 2595 1600 2638 καὶ
1627 2610 1715 2651 μα-

236 2668 371 2724 νιώδη
402 2674 517 2728 φησὶ
544 2670 624 2715 τὸν
654 2671 878 2724 Διοπείθη
907 2671 986 2715 τὸν
1006 2669 1204 2733 ῥήτορα,
1234 2667 1292 2719 ὠς
1319 2669 1394 2711 καὶ
1430 2663 1716 2719 Τηλεκλείδης

235 2744 282 2787 ἓν
318 2740 622 2800 Ἀμφικτύοσι
650 2743 786 2796 δῆλον
817 2746 943 2789 ποιεῖ.
1014 2747 1076 2787 De
1105 2742 1304 2798 Diopithe
1333 2743 1428 2784 vide
1458 2741 1714 2784 Lobeokium

234 2818 439 2874 Aglaoph.
470 2831 511 2873 p.
543 2819 639 2859 981.

1767 1830 1778 2020 3

1758 3073 1786 3210 31
